,exchange,symbol,timestamp,local_timestamp,asks[0].price,asks[0].amount,bids[0].price,bids[0].amount,asks[1].price,asks[1].amount,bids[1].price,bids[1].amount,asks[2].price,asks[2].amount,bids[2].price,bids[2].amount,asks[3].price,asks[3].amount,bids[3].price,bids[3].amount,asks[4].price,asks[4].amount,bids[4].price,bids[4].amount,asks[5].price,asks[5].amount,bids[5].price,bids[5].amount,asks[6].price,asks[6].amount,bids[6].price,bids[6].amount,asks[7].price,asks[7].amount,bids[7].price,bids[7].amount,asks[8].price,asks[8].amount,bids[8].price,bids[8].amount,asks[9].price,asks[9].amount,bids[9].price,bids[9].amount,asks[10].price,asks[10].amount,bids[10].price,bids[10].amount,asks[11].price,asks[11].amount,bids[11].price,bids[11].amount,asks[12].price,asks[12].amount,bids[12].price,bids[12].amount,asks[13].price,asks[13].amount,bids[13].price,bids[13].amount,asks[14].price,asks[14].amount,bids[14].price,bids[14].amount,asks[15].price,asks[15].amount,bids[15].price,bids[15].amount,asks[16].price,asks[16].amount,bids[16].price,bids[16].amount,asks[17].price,asks[17].amount,bids[17].price,bids[17].amount,asks[18].price,asks[18].amount,bids[18].price,bids[18].amount,asks[19].price,asks[19].amount,bids[19].price,bids[19].amount,asks[20].price,asks[20].amount,bids[20].price,bids[20].amount,asks[21].price,asks[21].amount,bids[21].price,bids[21].amount,asks[22].price,asks[22].amount,bids[22].price,bids[22].amount,asks[23].price,asks[23].amount,bids[23].price,bids[23].amount,asks[24].price,asks[24].amount,bids[24].price,bids[24].amount
28,deribit,BTC-PERPETUAL,2020-04-01 00:00:01.067395,1585699201067395,6421.5,36540,6421.0,136160,6422.0,1190,6420.5,18830,6422.5,1110,6420.0,44410,6423.0,6380,6419.5,6460,6423.5,1530,6419.0,7980,6424.0,36990,6418.5,26750,6424.5,120,6418.0,33540,6425.0,51280,6417.5,30630,6425.5,61770,6417.0,26350,6426.0,3500,6416.5,4640,6426.5,16340,6416.0,31180,6427.0,22510,6415.5,22150,6427.5,45390,6415.0,290,6428.0,10620,6414.5,19120,6428.5,39950,6414.0,100660,6429.0,82520,6413.5,93070,6429.5,30230,6412.5,73580,6430.0,48300,6412.0,1150,6430.5,46800,6411.5,10,6431.0,12790,6411.0,28410,6431.5,21430,6410.5,23490,6432.0,56320,6410.0,9340,6432.5,22000,6409.5,57410,6433.0,24780,6409.0,120,6433.5,19300,6408.5,44240
75,deribit,BTC-PERPETUAL,2020-04-01 00:00:02.008050,1585699202008050,6421.5,20760,6421.0,141990,6422.0,1190,6420.5,28830,6422.5,1000,6420.0,34410,6423.0,1010,6419.5,6570,6423.5,1640,6419.0,7870,6424.0,36990,6418.5,45950,6425.0,49610,6418.0,20750,6425.5,61770,6417.5,18140,6426.0,5300,6417.0,26350,6426.5,16340,6416.5,18690,6427.0,22210,6416.0,26280,6427.5,45390,6415.5,22150,6428.0,10160,6415.0,290,6428.5,39950,6414.5,17590,6429.0,82520,6414.0,100660,6429.5,30230,6413.5,112310,6430.0,47830,6412.5,73580,6430.5,47260,6412.0,1150,6431.0,4450,6411.5,10,6431.5,21430,6411.0,9180,6432.0,58130,6410.5,23490,6432.5,22000,6410.0,9340,6433.0,24780,6409.5,57410,6433.5,26300,6409.0,120,6434.0,95550,6408.5,44240
125,deribit,BTC-PERPETUAL,2020-04-01 00:00:03.001646,1585699203001646,6421.5,20760,6421.0,134700,6422.0,1190,6420.5,18830,6422.5,1000,6420.0,18080,6423.0,1010,6419.5,3260,6423.5,1530,6419.0,7870,6424.0,14590,6418.5,26620,6425.0,3210,6418.0,20630,6425.5,61770,6417.5,32460,6426.0,51430,6417.0,19940,6427.0,22210,6416.5,11050,6427.5,51810,6416.0,24610,6428.0,10000,6415.5,22150,6428.5,39950,6415.0,310,6429.0,18500,6414.5,20800,6429.5,3780,6414.0,20840,6430.0,47830,6413.5,93070,6430.5,61190,6412.5,73580,6431.0,4320,6412.0,1150,6431.5,21430,6411.5,10,6432.0,5040,6411.0,9180,6432.5,22000,6410.5,23490,6433.0,24780,6410.0,9340,6433.5,7410,6409.5,31170,6434.0,114850,6409.0,120,6434.5,23860,6408.5,44240
153,deribit,BTC-PERPETUAL,2020-04-01 00:00:04.091533,1585699204091533,6421.5,17940,6421.0,137800,6422.0,1190,6420.5,28830,6422.5,1000,6420.0,62830,6423.0,1010,6419.5,3260,6423.5,1530,6419.0,7870,6424.0,14590,6418.5,26620,6425.0,3210,6418.0,20760,6425.5,61770,6417.5,38870,6426.0,48220,6417.0,19940,6427.0,25420,6416.5,4640,6427.5,51810,6416.0,24610,6428.0,10000,6415.5,22150,6428.5,39950,6415.0,310,6429.0,18500,6414.5,20800,6429.5,17170,6414.0,20840,6430.0,47830,6413.5,93070,6430.5,47800,6412.5,73580,6431.0,4450,6412.0,1150,6431.5,21430,6411.5,10,6432.0,37840,6411.0,9180,6432.5,20000,6410.5,23490,6433.0,26780,6410.0,9340,6433.5,26710,6409.5,31170,6434.0,95550,6409.0,120,6434.5,23860,6408.5,44240
205,deribit,BTC-PERPETUAL,2020-04-01 00:00:05.002986,1585699205002986,6421.5,330,6421.0,122770,6422.0,1190,6420.5,18830,6422.5,1000,6420.0,62830,6423.0,1010,6419.5,3260,6423.5,14320,6419.0,7870,6424.0,750,6418.5,26620,6425.0,3210,6418.0,50750,6425.5,55350,6417.5,32860,6426.0,1950,6417.0,19540,6427.0,25420,6416.5,4640,6427.5,390,6416.0,31020,6428.0,24270,6415.5,22150,6428.5,39950,6415.0,310,6429.0,116190,6414.5,20800,6429.5,20590,6414.0,20840,6430.0,47830,6413.5,93070,6430.5,32320,6412.5,27310,6431.0,19940,6412.0,1150,6431.5,21430,6411.5,10,6432.0,37840,6411.0,9180,6432.5,20000,6410.5,23490,6433.0,26780,6410.0,55610,6433.5,7410,6409.5,31170,6434.0,95550,6409.0,120,6434.5,23860,6408.5,44240
220,deribit,BTC-PERPETUAL,2020-04-01 00:00:06.082512,1585699206082512,6421.5,330,6421.0,133400,6422.0,1190,6420.5,18830,6422.5,1000,6420.0,62830,6423.0,1010,6419.5,3260,6423.5,13950,6419.0,20660,6424.0,750,6418.5,26620,6425.0,3210,6418.0,57160,6425.5,55350,6417.5,20080,6426.0,1950,6417.0,19540,6427.0,25420,6416.5,4640,6427.5,390,6416.0,24610,6428.0,30690,6415.5,22150,6428.5,39950,6415.0,290,6429.0,116190,6414.5,20800,6429.5,17170,6414.0,20840,6430.0,47830,6413.5,93070,6430.5,32320,6412.5,27310,6431.0,19940,6412.0,1150,6431.5,21430,6411.5,10,6432.0,37840,6411.0,9180,6432.5,20000,6410.5,23490,6433.0,24780,6410.0,55610,6433.5,9410,6409.5,31170,6434.0,114850,6409.0,120,6434.5,23860,6408.5,44240
240,deribit,BTC-PERPETUAL,2020-04-01 00:00:07.104082,1585699207104082,6421.5,330,6421.0,127180,6422.0,1190,6420.5,18830,6422.5,1000,6420.0,62830,6423.0,1010,6419.5,3260,6423.5,13950,6419.0,20660,6424.0,750,6418.5,26620,6425.0,3210,6418.0,57160,6425.5,55350,6417.5,20080,6426.0,1950,6417.0,19540,6427.0,25420,6416.5,4640,6427.5,390,6416.0,24610,6428.0,24270,6415.5,22150,6428.5,46370,6415.0,310,6429.0,116190,6414.5,20800,6429.5,3780,6414.0,20840,6430.0,47830,6413.5,93070,6430.5,32320,6412.5,27310,6431.0,33330,6412.0,1150,6431.5,21430,6411.5,10,6432.0,37840,6411.0,9180,6432.5,20000,6410.5,23490,6433.0,24780,6410.0,55610,6433.5,9410,6409.5,31170,6434.0,95550,6409.0,120,6434.5,23860,6408.5,44240
245,deribit,BTC-PERPETUAL,2020-04-01 00:00:08.007774,1585699208007774,6421.5,330,6421.0,128980,6422.0,1190,6420.5,18830,6422.5,1000,6420.0,62830,6423.0,1010,6419.5,3260,6423.5,13950,6419.0,20660,6424.0,750,6418.5,26620,6425.0,3210,6418.0,57160,6425.5,55350,6417.5,20080,6426.0,1950,6417.0,19540,6427.0,25420,6416.5,4640,6427.5,390,6416.0,24610,6428.0,24270,6415.5,22150,6428.5,46370,6415.0,3020,6429.0,116190,6414.5,20800,6429.5,17170,6414.0,20840,6430.0,47830,6413.5,93070,6430.5,32320,6412.5,24600,6431.0,19940,6412.0,1150,6431.5,21430,6411.5,10,6432.0,37840,6411.0,9180,6432.5,20000,6410.5,23490,6433.0,24780,6410.0,55610,6433.5,7410,6409.5,31170,6434.0,114850,6409.0,120,6434.5,23860,6408.5,44240
270,deribit,BTC-PERPETUAL,2020-04-01 00:00:09.021553,1585699209021553,6421.5,330,6421.0,127180,6422.0,1190,6420.5,18830,6422.5,1000,6420.0,62830,6423.0,1010,6419.5,3260,6423.5,13950,6419.0,7870,6424.0,730,6418.5,26620,6424.5,20,6418.0,63540,6425.0,3210,6417.5,26490,6425.5,55350,6417.0,19540,6426.0,48220,6416.5,4640,6427.0,22210,6416.0,24610,6427.5,390,6415.5,22150,6428.0,27480,6415.0,3020,6428.5,46370,6414.5,20800,6429.0,69920,6414.0,20840,6429.5,17170,6413.5,93070,6430.0,47830,6413.0,46270,6430.5,30780,6412.5,24600,6431.0,19940,6412.0,1150,6431.5,22970,6411.5,10,6432.0,37840,6411.0,9180,6432.5,20000,6410.5,23490,6433.0,24780,6410.0,9340,6433.5,9410,6409.5,31170,6434.0,95550,6409.0,120
287,deribit,BTC-PERPETUAL,2020-04-01 00:00:10.051930,1585699210051930,6421.5,15160,6421.0,127180,6422.0,1190,6420.5,18830,6422.5,1000,6420.0,61230,6423.0,1010,6419.5,3260,6423.5,1110,6419.0,9470,6424.0,730,6418.5,28160,6424.5,20,6418.0,63540,6425.0,3210,6417.5,18540,6425.5,55350,6417.0,19540,6426.0,62490,6416.5,11050,6427.0,28630,6416.0,24610,6427.5,390,6415.5,22150,6428.0,13210,6415.0,3020,6428.5,46370,6414.5,20800,6429.0,63500,6414.0,20840,6429.5,17170,6413.5,93070,6430.0,47830,6413.0,46270,6430.5,30780,6412.5,24600,6431.0,19940,6412.0,1150,6431.5,22970,6411.5,10,6432.0,37840,6411.0,9180,6432.5,20000,6410.5,23490,6433.0,24780,6410.0,9340,6433.5,9410,6409.5,31170,6434.0,95550,6409.0,120
298,deribit,BTC-PERPETUAL,2020-04-01 00:00:11.002618,1585699211002618,6421.5,14840,6421.0,134380,6422.0,1190,6420.5,18830,6422.5,1000,6420.0,61230,6423.0,1010,6419.5,3260,6423.5,1110,6419.0,9470,6424.0,730,6418.5,40950,6424.5,20,6418.0,50750,6425.0,3210,6417.5,18540,6425.5,69610,6417.0,19540,6426.0,48220,6416.5,11050,6427.0,28630,6416.0,24610,6427.5,390,6415.5,22150,6428.0,13210,6415.0,3020,6428.5,46370,6414.5,1560,6429.0,63500,6414.0,20840,6429.5,17170,6413.5,112310,6430.0,47830,6413.0,46270,6430.5,30780,6412.5,24600,6431.0,19940,6412.0,1150,6431.5,22970,6411.5,10,6432.0,37840,6411.0,9180,6432.5,20000,6410.5,23490,6433.0,24780,6410.0,9340,6433.5,9410,6409.5,31170,6434.0,95550,6409.0,120
347,deribit,BTC-PERPETUAL,2020-04-01 00:00:12.024096,1585699212024096,6421.5,2330,6421.0,136120,6422.0,190,6420.5,18830,6422.5,13840,6420.0,39230,6423.0,1010,6419.5,3260,6423.5,5650,6419.0,9470,6424.0,730,6418.5,26620,6424.5,20,6418.0,63540,6425.0,3210,6417.5,18540,6425.5,69610,6417.0,21080,6426.0,150,6416.5,11050,6427.0,23010,6416.0,24610,6427.5,390,6415.5,22150,6428.0,19630,6415.0,3020,6428.5,92640,6414.5,1560,6429.0,63500,6414.0,20840,6429.5,14170,6413.5,112310,6430.0,47830,6412.5,24600,6430.5,780,6412.0,47420,6431.0,21750,6411.5,10,6431.5,22970,6411.0,19450,6432.0,36030,6410.5,23490,6432.5,20000,6410.0,9340,6433.0,54780,6409.5,31170,6433.5,9410,6409.0,120,6434.0,95550,6408.5,33970
406,deribit,BTC-PERPETUAL,2020-04-01 00:00:13.018231,1585699213018231,6421.5,2010,6421.0,138870,6422.0,190,6420.5,18830,6422.5,13840,6420.0,59190,6423.0,1010,6419.5,16050,6423.5,1110,6419.0,9470,6424.0,350,6418.5,54900,6424.5,400,6418.0,52970,6425.0,3210,6417.5,860,6425.5,55350,6417.0,19540,6426.0,150,6416.5,4640,6426.5,14280,6416.0,116140,6427.0,21210,6415.5,22150,6427.5,390,6415.0,3020,6428.0,18220,6414.5,1560,6428.5,30300,6414.0,20840,6429.0,790,6413.5,3070,6429.5,18490,6412.5,90100,6430.0,47830,6412.0,1270,6430.5,45780,6411.5,10,6431.0,64150,6411.0,19450,6431.5,36920,6410.5,23490,6432.0,35910,6410.0,9340,6432.5,34940,6409.5,31170,6433.0,54780,6408.5,33970,6433.5,2410,6408.0,50
429,deribit,BTC-PERPETUAL,2020-04-01 00:00:14.036924,1585699214036924,6421.5,2010,6421.0,142270,6422.5,13840,6420.5,18830,6423.0,1010,6420.0,62400,6423.5,1110,6419.5,3370,6424.0,350,6419.0,22260,6424.5,400,6418.5,48490,6425.0,3210,6418.0,54510,6425.5,55350,6417.5,860,6426.0,14280,6417.0,19350,6426.5,10,6416.5,4640,6427.0,21210,6416.0,114610,6427.5,390,6415.5,22020,6428.0,64490,6415.0,310,6428.5,30300,6414.5,47830,6429.0,790,6414.0,20840,6429.5,24910,6413.5,3070,6430.0,47830,6412.5,46540,6430.5,45780,6412.0,1270,6431.0,12990,6411.5,10,6431.5,36920,6411.0,19450,6432.0,35910,6410.5,23490,6432.5,33400,6410.0,9340,6433.0,54780,6409.5,31170,6433.5,2410,6408.5,33970,6434.0,7350,6408.0,50
444,deribit,BTC-PERPETUAL,2020-04-01 00:00:15.200965,1585699215200965,6421.5,2010,6421.0,142270,6422.5,13840,6420.5,18830,6423.0,1010,6420.0,62400,6423.5,1110,6419.5,16160,6424.0,350,6419.0,15880,6424.5,400,6418.5,42080,6425.0,3210,6418.0,54510,6425.5,5000,6417.5,970,6426.0,14280,6417.0,19350,6426.5,10,6416.5,4640,6427.0,21210,6416.0,114610,6427.5,390,6415.5,68290,6428.0,64490,6415.0,3020,6428.5,30300,6414.5,1560,6429.0,790,6414.0,20840,6429.5,24910,6413.5,3070,6430.0,47830,6412.5,43830,6430.5,45780,6412.0,1270,6431.0,12990,6411.5,10,6431.5,36920,6411.0,19450,6432.0,35910,6410.5,23490,6432.5,33400,6410.0,9340,6433.0,54780,6409.5,31170,6433.5,2410,6408.5,33970,6434.0,7350,6408.0,50
463,deribit,BTC-PERPETUAL,2020-04-01 00:00:16.002895,1585699216002895,6421.5,2010,6421.0,142270,6422.5,12840,6420.5,18830,6423.0,1010,6420.0,62400,6423.5,1110,6419.5,3260,6424.0,540,6419.0,37720,6425.0,3610,6418.5,44300,6425.5,5000,6418.0,43640,6426.0,14280,6417.5,570,6426.5,10,6417.0,19350,6427.0,21210,6416.5,4640,6427.5,390,6416.0,114610,6428.0,64490,6415.5,22020,6428.5,27090,6415.0,3020,6429.0,790,6414.5,47830,6429.5,3990,6414.0,40080,6430.0,65550,6413.5,3070,6430.5,52210,6412.5,24600,6431.0,11450,6412.0,1270,6431.5,36920,6411.5,10,6432.0,35910,6411.0,19450,6432.5,36740,6410.5,23490,6433.0,54780,6410.0,9340,6433.5,2410,6409.5,31170,6434.0,5550,6408.5,33970,6434.5,23860,6408.0,50
565,deribit,BTC-PERPETUAL,2020-04-01 00:00:17.024191,1585699217024191,6422.5,10830,6422.0,198300,6423.0,10,6421.0,11040,6423.5,110,6420.5,18830,6424.0,200,6420.0,62400,6424.5,20,6419.5,18720,6425.0,3210,6419.0,27150,6425.5,5400,6418.5,39410,6426.0,14280,6418.0,37230,6426.5,10,6417.5,570,6427.0,21210,6417.0,26060,6427.5,390,6416.5,4640,6428.0,58070,6416.0,114610,6428.5,27090,6415.5,68290,6429.0,7210,6415.0,3020,6429.5,3990,6414.5,1560,6430.0,78410,6414.0,20840,6430.5,52210,6413.5,3070,6431.0,11450,6412.5,43830,6431.5,21430,6412.0,1270,6432.0,51400,6411.5,10,6432.5,36740,6411.0,19450,6433.0,54780,6410.5,23490,6433.5,410,6410.0,9340,6434.0,5550,6409.5,31170,6434.5,25860,6408.5,33970
632,deribit,BTC-PERPETUAL,2020-04-01 00:00:18.020819,1585699218020819,6423.0,10,6422.5,200160,6423.5,110,6422.0,9690,6424.0,10,6421.0,30300,6424.5,20,6420.5,18830,6425.0,5010,6420.0,62400,6425.5,5400,6419.5,18720,6426.0,10,6419.0,25550,6426.5,3210,6418.5,26620,6427.0,21210,6418.0,32230,6427.5,390,6417.5,570,6428.0,11800,6417.0,19350,6428.5,39940,6416.5,4940,6429.0,790,6416.0,114610,6429.5,3990,6415.5,22020,6430.0,78410,6415.0,3020,6430.5,52210,6414.5,1560,6431.0,57720,6414.0,50840,6431.5,21430,6413.5,3070,6432.0,51400,6412.5,90100,6432.5,51020,6412.0,1270,6433.0,54780,6411.5,10,6433.5,6840,6411.0,19450,6434.0,5550,6410.5,23490,6434.5,25860,6410.0,9340,6435.0,39120,6409.5,1170
735,deribit,BTC-PERPETUAL,2020-04-01 00:00:19.001476,1585699219001476,6423.5,110,6423.0,197760,6424.0,200,6422.5,2610,6424.5,20,6422.0,13910,6425.0,10,6421.0,14020,6425.5,400,6420.5,18830,6426.0,10,6420.0,68820,6426.5,3210,6419.5,18720,6427.0,21210,6419.0,25550,6427.5,13240,6418.5,26620,6428.0,10000,6418.0,32230,6428.5,27090,6417.5,570,6429.0,2590,6417.0,19650,6429.5,3990,6416.5,4640,6430.0,65550,6416.0,114910,6430.5,7210,6415.5,22020,6431.0,10840,6415.0,3020,6431.5,67700,6414.5,1560,6432.0,97010,6414.0,50840,6432.5,42250,6413.5,49340,6433.0,24780,6412.5,43830,6433.5,410,6412.0,1270,6434.0,5550,6411.5,10,6434.5,37260,6411.0,19450,6435.0,38930,6410.5,23490,6435.5,30000,6410.0,9340
875,deribit,BTC-PERPETUAL,2020-04-01 00:00:20.014509,1585699220014509,6424.0,200,6423.5,204740,6424.5,20,6423.0,43770,6425.0,10,6422.5,25080,6426.0,410,6422.0,1000,6426.5,10,6421.5,17690,6427.0,3210,6421.0,17230,6427.5,13380,6420.5,2180,6428.0,10000,6420.0,38690,6428.5,20420,6419.5,50,6429.0,330,6419.0,26590,6429.5,320,6418.5,117020,6430.0,49630,6418.0,170,6430.5,780,6417.5,17350,6431.0,480,6417.0,19350,6431.5,28100,6416.5,1050,6432.0,49180,6416.0,4610,6432.5,57600,6415.5,22020,6433.0,71050,6415.0,3020,6433.5,3760,6414.5,1560,6434.0,8040,6414.0,50840,6434.5,76500,6413.5,88070,6435.0,23930,6412.5,25770,6435.5,30000,6412.0,270,6436.0,32250,6411.5,1180,6436.5,3150,6411.0,8010
1041,deribit,BTC-PERPETUAL,2020-04-01 00:00:21.071002,1585699221071002,6426.0,100,6425.5,74780,6427.5,13240,6425.0,5460,6428.0,15400,6423.5,7670,6428.5,19640,6423.0,41170,6429.0,1930,6422.5,12240,6429.5,320,6422.0,32510,6430.0,49630,6421.5,17690,6430.5,47050,6421.0,10940,6431.0,480,6420.5,2450,6431.5,28100,6420.0,23230,6432.0,45570,6419.5,50,6432.5,24620,6419.0,26590,6433.0,25390,6418.5,116620,6433.5,6970,6418.0,170,6434.0,8040,6417.5,17330,6434.5,72160,6417.0,69620,6435.0,21810,6416.5,1050,6435.5,49830,6416.0,4610,6436.0,30710,6415.5,22140,6436.5,160,6415.0,3000,6437.0,7200,6414.5,1560,6437.5,63490,6414.0,52010,6438.0,5610,6413.5,42970,6438.5,280,6413.0,1170,6439.0,123290,6412.5,20600
1238,deribit,BTC-PERPETUAL,2020-04-01 00:00:22.003394,1585699222003394,6427.5,4300,6427.0,31470,6428.0,15400,6426.0,11750,6428.5,32660,6425.5,51420,6429.0,330,6424.5,166780,6429.5,320,6424.0,20,6430.0,49630,6423.5,13770,6430.5,2380,6423.0,8420,6431.0,46750,6422.5,1010,6431.5,42380,6422.0,32510,6432.0,45570,6421.5,17690,6432.5,36690,6421.0,10920,6433.0,25390,6420.5,2450,6433.5,6970,6420.0,24770,6434.0,8040,6419.5,14200,6434.5,39350,6419.0,25050,6435.0,20000,6418.5,116620,6435.5,49830,6418.0,170,6436.0,44240,6417.5,18070,6436.5,17260,6417.0,69620,6437.0,26890,6416.5,1070,6437.5,63490,6416.0,4610,6438.0,155630,6415.5,22140,6438.5,280,6415.0,22240,6439.0,123290,6414.5,25020,6439.5,750,6414.0,52010
1434,deribit,BTC-PERPETUAL,2020-04-01 00:00:23.013026,1585699223013026,6427.5,370,6427.0,108480,6428.0,10000,6426.5,166780,6428.5,540,6426.0,37780,6429.0,330,6425.5,12840,6429.5,13280,6425.0,3210,6430.0,25730,6424.5,120,6430.5,320,6424.0,15620,6431.0,1740,6423.5,4220,6431.5,21430,6423.0,21110,6432.0,110,6422.5,1400,6433.0,36730,6422.0,26140,6433.5,47140,6421.5,1410,6434.0,1040,6421.0,148490,6434.5,65750,6420.5,2210,6435.0,45460,6420.0,24770,6435.5,7530,6419.5,14200,6436.0,20710,6419.0,30050,6436.5,39910,6418.5,25210,6437.0,26880,6418.0,170,6437.5,79330,6417.5,18070,6438.0,70290,6417.0,23350,6438.5,3820,6416.5,1080,6439.0,33290,6416.0,4370,6439.5,18540,6415.5,23310,6440.0,195670,6415.0,23410
1546,deribit,BTC-PERPETUAL,2020-04-01 00:00:24.018603,1585699224018603,6428.0,9120,6427.5,160690,6428.5,540,6427.0,187210,6429.0,330,6426.5,48950,6429.5,320,6426.0,8170,6430.0,25330,6425.5,6420,6430.5,320,6425.0,8330,6431.0,2140,6424.5,6420,6431.5,34290,6424.0,33320,6432.0,110,6423.5,1410,6432.5,5000,6423.0,4950,6433.0,27470,6422.5,1000,6433.5,46680,6422.0,26140,6434.0,1040,6421.5,18190,6434.5,23860,6421.0,98300,6435.0,51670,6420.5,2210,6435.5,32650,6420.0,69500,6436.0,24220,6419.5,14200,6436.5,46320,6419.0,30050,6437.0,27800,6418.5,25210,6437.5,79790,6418.0,170,6438.0,40290,6417.5,28910,6438.5,2280,6417.0,23350,6439.0,23290,6416.5,80,6439.5,20080,6416.0,4370,6440.0,10670,6415.5,23310
1704,deribit,BTC-PERPETUAL,2020-04-01 00:00:25.004427,1585699225004427,6428.0,7930,6427.5,216610,6428.5,540,6427.0,7440,6429.0,30,6426.5,3210,6430.0,25010,6426.0,17340,6430.5,5000,6425.5,24120,6431.0,1740,6425.0,5280,6431.5,13290,6424.5,6820,6432.0,30220,6424.0,16780,6432.5,51670,6423.5,151310,6433.0,26580,6423.0,4970,6433.5,410,6422.5,1000,6434.0,10950,6422.0,26160,6434.5,24470,6421.5,18190,6435.0,45000,6421.0,95590,6435.5,15210,6420.5,2050,6436.0,24080,6420.0,69500,6436.5,6590,6419.5,14200,6437.0,42310,6419.0,50,6437.5,86020,6418.5,27920,6438.0,7430,6418.0,270,6438.5,280,6417.5,30080,6439.0,45790,6417.0,24520,6439.5,20080,6416.5,36180,6440.0,30000,6416.0,3100,6440.5,59100,6415.5,22140
1936,deribit,BTC-PERPETUAL,2020-04-01 00:00:26.000962,1585699226000962,6430.0,20120,6429.5,214930,6431.0,20,6429.0,107060,6431.5,5430,6428.0,3210,6432.0,30100,6427.5,6460,6433.0,25180,6427.0,1020,6433.5,410,6426.5,3210,6434.0,17300,6426.0,45560,6434.5,24470,6425.5,6420,6435.5,920,6425.0,680,6436.0,29990,6424.0,23200,6436.5,45160,6423.5,1010,6437.0,47850,6423.0,4970,6437.5,43900,6422.5,1000,6438.0,15360,6422.0,26000,6438.5,73680,6421.5,48190,6439.0,52220,6421.0,148570,6439.5,18560,6420.5,1050,6440.0,18130,6420.0,23230,6440.5,55100,6419.5,50,6441.0,32890,6419.0,50,6441.5,90610,6418.5,25210,6442.0,24060,6418.0,270,6442.5,7760,6417.5,10830,6443.0,150070,6417.0,20520,6443.5,38550,6416.5,41500
2006,deribit,BTC-PERPETUAL,2020-04-01 00:00:27.091885,1585699227091885,6430.0,10990,6429.5,295320,6431.0,20,6429.0,52060,6431.5,430,6428.0,3210,6432.0,110,6427.5,6680,6433.0,1920,6427.0,1190,6433.5,410,6426.5,36390,6434.0,15500,6425.5,6420,6434.5,23860,6425.0,420,6435.0,1800,6424.0,6720,6435.5,920,6423.5,93720,6436.0,20710,6423.0,4970,6436.5,45770,6422.5,1000,6437.0,47850,6422.0,72270,6437.5,26100,6421.5,31430,6438.0,33100,6421.0,9590,6438.5,33570,6420.5,1050,6439.0,36720,6420.0,23230,6439.5,16320,6419.5,170,6440.0,18030,6419.0,50,6440.5,53100,6418.5,25210,6441.0,32890,6418.0,1460,6442.0,26060,6417.5,10830,6442.5,7880,6417.0,20520,6443.0,150070,6416.5,40330,6443.5,74160,6416.0,32340
2155,deribit,BTC-PERPETUAL,2020-04-01 00:00:28.035857,1585699228035857,6431.5,430,6431.0,208220,6432.0,110,6430.5,8790,6433.0,1520,6430.0,10,6433.5,420,6429.5,180260,6434.0,1040,6429.0,32790,6434.5,560,6428.5,16890,6435.0,13270,6428.0,11420,6435.5,1600,6427.5,24390,6436.0,22510,6427.0,2600,6436.5,160,6426.5,400,6437.0,660,6426.0,6420,6437.5,72370,6425.5,300,6438.0,60360,6425.0,24020,6438.5,160,6424.0,1540,6439.0,48030,6423.5,93720,6439.5,14690,6423.0,48290,6440.0,42740,6422.5,1000,6440.5,23560,6422.0,1000,6441.0,49470,6421.5,60020,6441.5,2200,6421.0,4180,6442.0,26060,6420.5,2220,6442.5,7880,6420.0,23230,6443.0,180070,6419.5,1340,6443.5,73550,6419.0,50,6444.0,104360,6418.5,45630
2283,deribit,BTC-PERPETUAL,2020-04-01 00:00:29.037703,1585699229037703,6433.0,1580,6432.5,213000,6433.5,410,6432.0,5890,6434.0,40,6430.5,2410,6434.5,560,6430.0,10,6435.0,10,6429.5,178440,6435.5,400,6429.0,48290,6436.0,150,6428.5,1410,6436.5,160,6428.0,29130,6437.0,2260,6427.5,400,6437.5,38970,6427.0,1190,6438.0,2870,6426.0,96420,6438.5,160,6425.0,70270,6439.0,30290,6424.5,310,6439.5,63550,6424.0,1540,6440.0,63870,6423.5,3720,6440.5,23560,6423.0,2020,6441.0,33960,6422.5,1110,6441.5,33420,6422.0,1100,6442.0,40030,6421.5,60020,6442.5,14690,6421.0,4180,6443.0,30040,6420.5,2220,6443.5,40290,6420.0,24400,6444.0,26360,6419.5,30860,6444.5,185210,6419.0,50,6445.0,23720,6418.5,25210
2352,deribit,BTC-PERPETUAL,2020-04-01 00:00:30.015022,1585699230015022,6433.0,70,6432.5,97260,6433.5,410,6431.0,6430,6434.0,40,6430.5,2600,6434.5,13420,6430.0,12870,6435.5,400,6429.5,172280,6436.0,19210,6429.0,48290,6436.5,160,6428.5,1410,6437.0,1620,6428.0,29130,6437.5,27610,6427.5,20410,6438.0,17160,6427.0,1130,6438.5,160,6426.0,96420,6439.0,76560,6425.0,50270,6439.5,69980,6424.5,10,6440.0,3430,6424.0,1540,6440.5,23560,6423.5,3710,6441.0,33960,6423.0,6710,6441.5,13420,6422.5,1110,6442.0,40030,6422.0,1100,6442.5,3740,6421.5,31200,6443.0,30040,6421.0,5350,6443.5,25160,6420.5,11440,6444.0,22360,6420.0,23230,6444.5,210,6419.5,29690,6445.0,24360,6419.0,50,6446.0,5120,6418.5,25210
2412,deribit,BTC-PERPETUAL,2020-04-01 00:00:31.015713,1585699231015713,6433.0,300,6432.5,101190,6433.5,430,6432.0,12860,6434.0,40,6431.5,5000,6434.5,560,6431.0,6430,6435.0,10,6430.5,5810,6435.5,13270,6430.0,10,6436.0,150,6429.5,205050,6436.5,160,6429.0,15500,6437.0,1620,6428.5,22330,6437.5,20940,6428.0,11420,6438.0,14540,6427.5,20540,6438.5,160,6427.0,2840,6439.0,23290,6426.0,90000,6439.5,60090,6425.0,4000,6440.0,21150,6424.5,10,6440.5,30000,6423.5,3720,6441.0,33350,6423.0,6710,6441.5,59690,6422.5,1100,6442.0,47040,6422.0,48540,6442.5,3630,6421.5,50460,6443.0,30650,6421.0,5350,6443.5,25160,6420.5,10270,6444.0,30360,6420.0,23230,6444.5,2210,6419.5,10320,6445.0,24360,6419.0,50
2502,deribit,BTC-PERPETUAL,2020-04-01 00:00:32.005345,1585699232005345,6433.5,430,6433.0,128760,6434.0,40,6432.5,77970,6434.5,560,6432.0,29640,6435.0,10,6431.5,37800,6435.5,12870,6431.0,156430,6436.0,150,6430.5,21290,6436.5,30150,6430.0,10,6437.0,2020,6429.5,29610,6437.5,20940,6429.0,20,6438.0,7870,6428.5,2110,6438.5,160,6428.0,5020,6439.0,23290,6427.5,20010,6439.5,72970,6427.0,2840,6440.0,6730,6426.0,90000,6440.5,94010,6425.0,4000,6441.0,510,6424.5,10,6442.0,31530,6423.5,3720,6442.5,17060,6423.0,52980,6443.0,46150,6422.5,2270,6443.5,29580,6422.0,2270,6444.0,30380,6421.5,50440,6444.5,2210,6421.0,4180,6445.0,174360,6420.5,10270,6445.5,35000,6420.0,23230,6446.0,5030,6419.5,10320
2656,deribit,BTC-PERPETUAL,2020-04-01 00:00:33.000251,1585699233000251,6433.5,430,6433.0,233130,6434.0,40,6432.5,40300,6434.5,560,6432.0,6430,6436.0,160,6431.5,3220,6436.5,160,6431.0,15490,6437.0,14490,6430.5,5940,6437.5,24440,6430.0,17730,6438.0,7270,6429.5,10550,6438.5,160,6429.0,320,6439.0,23290,6428.5,1410,6439.5,15090,6428.0,5020,6440.0,60,6427.5,20310,6440.5,23100,6427.0,152540,6441.0,51720,6426.0,90000,6441.5,17750,6425.0,4010,6442.0,31070,6424.5,130,6442.5,69310,6423.5,3710,6443.0,20,6423.0,5810,6443.5,28970,6422.5,21440,6444.0,25900,6422.0,58810,6444.5,33520,6421.5,31200,6445.0,24810,6421.0,4180,6445.5,52460,6420.5,10270,6446.0,5030,6420.0,23230,6446.5,110940,6419.5,3210
2753,deribit,BTC-PERPETUAL,2020-04-01 00:00:34.030359,1585699234030359,6434.0,40,6433.5,179140,6434.5,570,6433.0,169570,6435.5,12870,6432.5,40300,6436.0,150,6432.0,12860,6436.5,5160,6431.5,21920,6437.0,1620,6431.0,6430,6437.5,22040,6430.5,2540,6438.0,6870,6430.0,18130,6438.5,46830,6429.5,10150,6439.0,23290,6429.0,20,6439.5,15090,6428.5,1710,6440.0,60,6428.0,6720,6440.5,29540,6427.5,20010,6441.0,52180,6427.0,1300,6441.5,18210,6426.5,2710,6442.0,31070,6426.0,90000,6442.5,16600,6425.5,46270,6443.0,20,6425.0,4010,6443.5,28970,6424.5,130,6444.0,10380,6423.5,2170,6444.5,49040,6423.0,6980,6445.0,24350,6422.5,21440,6445.5,52000,6422.0,11370,6446.0,5030,6421.5,30050,6446.5,260940,6421.0,4180
2864,deribit,BTC-PERPETUAL,2020-04-01 00:00:35.009249,1585699235009249,6434.5,200,6434.0,140810,6436.0,150,6433.5,47590,6436.5,160,6433.0,169570,6437.0,12890,6432.5,40300,6437.5,3120,6431.5,21920,6438.0,7270,6431.0,12860,6438.5,160,6430.5,2540,6439.0,23290,6430.0,24160,6439.5,47060,6429.5,10850,6440.0,60,6428.5,1410,6440.5,37400,6428.0,7020,6441.0,51720,6427.5,20010,6441.5,18210,6427.0,1010,6442.0,37510,6426.5,48980,6442.5,16600,6426.0,90000,6443.0,20020,6425.5,20,6443.5,28970,6425.0,4000,6444.0,10380,6424.5,130,6444.5,49040,6423.5,2170,6445.0,24350,6423.0,6960,6445.5,30460,6422.5,21440,6446.0,5050,6422.0,11370,6446.5,260940,6421.5,30050,6447.0,41750,6421.0,4180,6447.5,46090,6420.5,13430
2950,deribit,BTC-PERPETUAL,2020-04-01 00:00:36.002216,1585699236002216,6434.5,16830,6434.0,15470,6435.0,180,6433.5,47590,6435.5,4710,6433.0,167810,6436.0,7170,6432.5,33870,6436.5,160,6432.0,1760,6437.0,5020,6431.5,34780,6437.5,69660,6430.5,8970,6438.0,2270,6430.0,18030,6438.5,14450,6429.5,10550,6439.0,23290,6429.0,29990,6439.5,7220,6428.5,1710,6440.0,60,6428.0,6720,6440.5,23100,6427.5,10,6441.0,51720,6427.0,1010,6441.5,33380,6426.0,110000,6442.0,31530,6425.5,20,6442.5,3170,6425.0,4000,6443.0,20020,6424.5,46400,6443.5,27230,6423.5,4880,6444.0,10380,6423.0,6960,6444.5,49040,6422.5,21440,6445.0,24350,6422.0,11370,6445.5,30000,6421.5,30050,6446.0,5050,6421.0,4180,6446.5,260940,6420.5,13430
3015,deribit,BTC-PERPETUAL,2020-04-01 00:00:37.002520,1585699237002520,6434.5,56240,6434.0,10220,6435.0,5180,6433.5,1590,6435.5,170,6433.0,1030,6436.0,27700,6432.5,33870,6436.5,46430,6432.0,46760,6437.0,20,6431.5,18710,6437.5,23390,6431.0,12860,6438.0,14850,6430.5,12180,6438.5,160,6430.0,17730,6439.0,36700,6429.5,10550,6439.5,52220,6429.0,29990,6440.0,520,6428.5,168190,6440.5,23100,6428.0,5020,6441.0,6720,6427.5,310,6441.5,19960,6427.0,2840,6442.0,31530,6426.0,110000,6442.5,3170,6425.5,30,6443.0,20020,6425.0,4000,6443.5,27230,6424.5,130,6444.0,10380,6423.5,51150,6444.5,48580,6423.0,7960,6445.0,24350,6422.5,2180,6445.5,32000,6422.0,30630,6446.0,8270,6421.5,30050,6446.5,260940,6421.0,4180
3063,deribit,BTC-PERPETUAL,2020-04-01 00:00:38.042009,1585699238042009,6434.5,61550,6434.0,10220,6435.0,170,6433.5,1590,6435.5,170,6433.0,17810,6436.0,27700,6432.5,33870,6436.5,49640,6432.0,56760,6437.0,30150,6431.5,153220,6437.5,23790,6431.0,28350,6438.0,14360,6430.5,8970,6438.5,160,6430.0,17730,6439.0,43130,6429.5,11680,6439.5,52390,6429.0,30390,6440.0,520,6428.5,1410,6440.5,24640,6428.0,11440,6441.0,6720,6427.5,10,6441.5,19960,6427.0,1300,6442.0,31530,6426.0,111840,6442.5,3170,6425.5,30,6443.0,20020,6425.0,4000,6443.5,42750,6424.5,130,6444.0,10990,6423.5,4880,6444.5,57390,6423.0,28460,6445.0,24350,6422.5,48450,6445.5,32000,6422.0,11370,6446.0,1050,6421.5,50740,6446.5,260940,6421.0,23440
3199,deribit,BTC-PERPETUAL,2020-04-01 00:00:39.017007,1585699239017007,6434.5,4400,6434.0,30730,6435.0,10,6433.5,12590,6435.5,13040,6433.0,174240,6436.0,150,6432.5,33870,6436.5,49640,6432.0,46760,6437.0,31810,6431.5,3220,6437.5,23790,6431.0,34780,6438.0,70,6430.5,2540,6438.5,160,6430.0,17730,6439.0,23290,6429.5,6680,6439.5,60090,6429.0,30820,6440.0,60,6428.5,1410,6440.5,37520,6428.0,11440,6441.0,20140,6427.5,23130,6441.5,18210,6427.0,1000,6442.0,31530,6426.5,3000,6442.5,4920,6426.0,133770,6443.0,20020,6425.5,40,6443.5,43210,6425.0,50270,6444.0,10990,6424.5,20020,6444.5,38060,6423.5,4890,6445.0,24350,6423.0,27460,6445.5,30000,6422.5,2170,6446.0,3050,6422.0,11370,6446.5,260940,6421.5,50740
3271,deribit,BTC-PERPETUAL,2020-04-01 00:00:40.060556,1585699240060556,6434.5,790,6434.0,46190,6435.0,10,6433.5,2590,6435.5,13040,6433.0,174240,6436.0,150,6432.5,33870,6436.5,3370,6432.0,59620,6437.0,1820,6431.5,9650,6437.5,23790,6431.0,15490,6438.0,70,6430.5,2540,6438.5,160,6430.0,17730,6439.0,23360,6429.5,3470,6439.5,106360,6429.0,50130,6440.0,60,6428.5,1410,6440.5,37520,6428.0,8230,6441.0,20140,6427.5,23130,6441.5,18210,6427.0,1000,6442.0,31530,6426.5,9420,6442.5,1920,6426.0,178520,6443.0,20020,6425.5,20,6443.5,42750,6425.0,4000,6444.0,11450,6424.5,21560,6444.5,34060,6423.5,2190,6445.0,24350,6423.0,27460,6445.5,34000,6422.5,4880,6446.0,3050,6422.0,11370,6446.5,260940,6421.5,50740
3343,deribit,BTC-PERPETUAL,2020-04-01 00:00:41.002164,1585699241002164,6434.5,18670,6434.0,28150,6435.0,4710,6433.5,11670,6435.5,11820,6433.0,167810,6436.0,21150,6432.5,33850,6436.5,160,6432.0,46760,6437.0,48090,6431.5,3220,6437.5,40890,6431.0,28350,6438.0,470,6430.5,22940,6438.5,160,6430.0,17730,6439.0,37610,6429.5,23600,6439.5,72050,6429.0,49730,6440.0,520,6428.5,1410,6440.5,23100,6428.0,8230,6441.0,6720,6427.5,23130,6441.5,21500,6427.0,1000,6442.0,31520,6426.5,27810,6442.5,3160,6426.0,181230,6443.0,33660,6425.5,5020,6443.5,42770,6425.0,4000,6444.0,11000,6424.5,21560,6444.5,34060,6424.0,9220,6445.0,41240,6423.5,2190,6445.5,53330,6423.0,27460,6446.0,3050,6422.5,2170,6446.5,260940,6422.0,39570
3397,deribit,BTC-PERPETUAL,2020-04-01 00:00:42.024845,1585699242024845,6434.5,5810,6434.0,27670,6435.0,17580,6433.5,11670,6435.5,11820,6433.0,167780,6436.0,67790,6432.5,33850,6436.5,160,6432.0,46760,6437.0,1820,6431.5,31570,6437.5,26600,6430.5,29370,6438.0,470,6430.0,17730,6438.5,160,6429.5,17140,6439.0,32610,6429.0,49730,6439.5,72030,6428.5,1410,6440.0,980,6428.0,8230,6440.5,23100,6427.5,23130,6441.0,6720,6427.0,1000,6441.5,21500,6426.5,21390,6442.0,31520,6426.0,132230,6442.5,3160,6425.5,5040,6443.0,33660,6425.0,10420,6443.5,26800,6424.5,21560,6444.0,26510,6423.5,4900,6444.5,34060,6423.0,73730,6445.0,41240,6422.5,2170,6445.5,53330,6422.0,39570,6446.0,3050,6421.5,50740,6446.5,260930,6421.0,4180
3431,deribit,BTC-PERPETUAL,2020-04-01 00:00:43.012703,1585699243012703,6434.5,27850,6434.0,27050,6435.0,13040,6433.5,11670,6435.5,5170,6433.0,174210,6436.0,71000,6432.5,33820,6436.5,160,6432.0,46760,6437.0,1820,6431.5,31570,6437.5,23390,6430.5,29370,6438.0,470,6430.0,17730,6438.5,160,6429.5,17140,6439.0,46900,6429.0,49730,6439.5,72030,6428.5,1410,6440.0,2520,6428.0,8230,6440.5,23100,6427.5,23130,6441.0,6720,6427.0,1000,6441.5,19870,6426.5,21390,6442.0,31520,6426.0,184920,6442.5,160,6425.5,5040,6443.0,33660,6425.0,4000,6443.5,26800,6424.5,20020,6444.0,26510,6423.5,6440,6444.5,53370,6423.0,27460,6445.0,41240,6422.5,2170,6445.5,36000,6422.0,39570,6446.0,1050,6421.5,50740,6446.5,260930,6421.0,4180
3512,deribit,BTC-PERPETUAL,2020-04-01 00:00:44.004213,1585699244004213,6434.5,51440,6434.0,8540,6435.0,9110,6433.5,1990,6435.5,5170,6433.0,160210,6436.0,70630,6432.5,35620,6436.5,160,6432.0,18540,6437.0,20,6431.5,31570,6437.5,23390,6430.5,74370,6438.0,45470,6430.0,17730,6438.5,23570,6429.5,17140,6439.0,23890,6429.0,50120,6439.5,27030,6428.5,1410,6440.0,2520,6428.0,8230,6440.5,23100,6427.5,23120,6441.0,36720,6427.0,1000,6441.5,19870,6426.5,21390,6442.0,31520,6426.0,48650,6442.5,160,6425.5,40,6443.0,33660,6425.0,4000,6443.5,26800,6424.5,20020,6444.0,116510,6423.5,96440,6444.5,58370,6423.0,73730,6445.0,41240,6422.5,2170,6445.5,6000,6422.0,39520,6446.0,1050,6421.5,50740,6446.5,170930,6421.0,4180
3593,deribit,BTC-PERPETUAL,2020-04-01 00:00:45.022457,1585699245022457,6434.5,167460,6434.0,7000,6435.0,10150,6433.5,1990,6435.5,170,6433.0,1000,6436.0,27580,6432.5,33820,6436.5,46600,6432.0,9880,6437.0,30010,6431.5,18710,6437.5,23790,6430.5,185740,6438.0,13480,6430.0,10,6438.5,55550,6429.5,34450,6439.0,31860,6429.0,101510,6439.5,750,6428.5,1410,6440.0,15520,6428.0,8230,6440.5,23100,6427.5,23120,6441.0,54460,6427.0,1000,6441.5,12730,6426.5,21390,6442.0,50840,6426.0,48650,6442.5,3160,6425.5,40,6443.0,20020,6425.0,4000,6443.5,26800,6424.5,21560,6444.0,116510,6423.5,95290,6444.5,34040,6423.0,27460,6445.0,54650,6422.5,2560,6445.5,11000,6422.0,39520,6446.0,1050,6421.5,70000,6446.5,170930,6421.0,50450
3628,deribit,BTC-PERPETUAL,2020-04-01 00:00:46.032613,1585699246032613,6434.5,167460,6434.0,7000,6435.0,10150,6433.5,1970,6435.5,1610,6433.0,1000,6436.0,21150,6432.5,33840,6436.5,45160,6431.5,3220,6437.0,36440,6431.0,25920,6437.5,23790,6430.5,185740,6438.0,30200,6430.0,10,6438.5,46580,6429.5,21120,6439.0,25430,6429.0,74730,6439.5,750,6428.5,1410,6440.0,13860,6428.0,19080,6440.5,23100,6427.5,29540,6441.0,56420,6427.0,1000,6441.5,12730,6426.5,19470,6442.0,50840,6426.0,42230,6442.5,33160,6425.5,5040,6443.0,20620,6425.0,4000,6443.5,58350,6424.5,21560,6444.0,100390,6423.5,95290,6444.5,36040,6423.0,28460,6445.0,37760,6422.5,26420,6445.5,9000,6422.0,11370,6446.0,1050,6421.5,70000,6446.5,170930,6421.0,50450
3647,deribit,BTC-PERPETUAL,2020-04-01 00:00:47.029839,1585699247029839,6434.5,167400,6434.0,6750,6435.0,10030,6433.5,1570,6435.5,1610,6433.0,1000,6436.0,21150,6432.5,33840,6436.5,45160,6431.5,3220,6437.0,50730,6431.0,25920,6437.5,32860,6430.5,185740,6438.0,25910,6430.0,10,6438.5,46580,6429.5,21120,6439.0,25430,6429.0,55490,6439.5,750,6428.5,1410,6440.0,13860,6428.0,5000,6440.5,23400,6427.5,23120,6441.0,56120,6427.0,1000,6441.5,12730,6426.5,25390,6442.0,31520,6426.0,42230,6442.5,33160,6425.5,6560,6443.0,39940,6425.0,4020,6443.5,62350,6424.5,20020,6444.0,100370,6423.5,95290,6444.5,36040,6423.0,28460,6445.0,37760,6422.5,26420,6445.5,5000,6422.0,36430,6446.0,1050,6421.5,70000,6446.5,170930,6421.0,50450
3676,deribit,BTC-PERPETUAL,2020-04-01 00:00:48.004420,1585699248004420,6434.5,168660,6434.0,6650,6435.0,56300,6433.5,1570,6435.5,1610,6433.0,1000,6436.0,21150,6432.5,33840,6436.5,45160,6431.5,3220,6437.0,51130,6430.5,201220,6437.5,23390,6430.0,10,6438.0,25910,6429.5,21120,6438.5,310,6429.0,55090,6439.0,25430,6428.5,1810,6439.5,850,6428.0,5000,6440.0,14160,6427.5,23120,6440.5,43100,6427.0,1000,6441.0,56120,6426.5,9420,6441.5,460,6426.0,42230,6442.0,31520,6425.5,6560,6442.5,33160,6425.0,4020,6443.0,35460,6424.5,20020,6443.5,32800,6423.5,95290,6444.0,100370,6423.0,28460,6444.5,34040,6422.5,48830,6445.0,37760,6422.0,11370,6445.5,5000,6421.5,20740,6446.0,1050,6421.0,4180,6446.5,170930,6420.5,20310
3776,deribit,BTC-PERPETUAL,2020-04-01 00:00:49.008918,1585699249008918,6434.0,182810,6433.5,1590,6434.5,35390,6433.0,10,6435.0,56300,6432.5,1000,6435.5,1440,6432.0,20,6436.0,21150,6431.0,5000,6436.5,45160,6430.5,201090,6437.0,51130,6429.5,21120,6437.5,21790,6429.0,51880,6438.0,25910,6428.5,1810,6438.5,310,6428.0,5000,6439.0,25430,6427.5,23120,6439.5,850,6427.0,1000,6440.0,18820,6426.5,6210,6440.5,43100,6426.0,42230,6441.0,47790,6425.5,11440,6441.5,460,6425.0,4000,6442.0,31520,6424.5,19900,6442.5,33160,6424.0,20,6443.0,35460,6423.5,96830,6443.5,29450,6423.0,28460,6444.0,100370,6422.5,48830,6444.5,1300,6422.0,11370,6445.0,37760,6421.5,20860,6445.5,5000,6421.0,4180,6446.0,1050,6420.5,1050
4008,deribit,BTC-PERPETUAL,2020-04-01 00:00:50.000135,1585699250000135,6432.5,23870,6432.0,1020,6433.0,56900,6431.0,150000,6433.5,1630,6430.5,13900,6434.0,115300,6430.0,1750,6434.5,35380,6429.5,6420,6435.0,94880,6429.0,15940,6436.0,21150,6428.5,1540,6436.5,160,6428.0,5020,6437.0,50730,6427.5,87640,6437.5,21790,6427.0,12850,6438.0,20910,6426.5,22990,6438.5,310,6426.0,22230,6439.0,43170,6425.5,20,6439.5,850,6425.0,4000,6440.0,18520,6424.5,26320,6440.5,43100,6424.0,20020,6441.0,30050,6423.5,11710,6441.5,109620,6423.0,28460,6442.0,31520,6422.5,2560,6442.5,54420,6422.0,48910,6443.0,21940,6421.5,20860,6443.5,27450,6421.0,94180,6444.0,10370,6420.5,1050,6444.5,156300,6420.0,37450,6445.0,72760,6419.5,6050
4177,deribit,BTC-PERPETUAL,2020-04-01 00:00:51.022309,1585699251022309,6431.0,119120,6430.5,20370,6431.5,1800,6429.5,5010,6432.5,13030,6429.0,460,6433.0,20530,6428.5,16140,6433.5,3070,6428.0,5020,6434.0,5540,6427.5,85010,6434.5,22350,6427.0,6420,6435.0,91270,6426.5,189290,6435.5,14290,6426.0,22230,6436.0,27580,6425.5,20,6436.5,6590,6425.0,81010,6437.0,13430,6424.5,19900,6437.5,23330,6424.0,20000,6438.0,76250,6423.5,2580,6438.5,770,6423.0,28460,6439.0,25550,6422.5,2560,6439.5,850,6422.0,1100,6440.0,16860,6421.5,24070,6440.5,58610,6421.0,96900,6441.0,49370,6420.5,1050,6441.5,93350,6420.0,85140,6442.0,31060,6419.5,6050,6442.5,66020,6419.0,30050,6443.0,7620,6418.5,24820,6443.5,40860,6418.0,1710
4292,deribit,BTC-PERPETUAL,2020-04-01 00:00:52.006230,1585699252006230,6431.0,10770,6430.5,36450,6431.5,6340,6429.5,15010,6432.5,12860,6429.0,19730,6433.0,20530,6428.5,167360,6433.5,300,6428.0,26810,6434.0,5140,6427.5,68120,6434.5,24190,6427.0,19520,6435.0,91270,6426.5,1410,6435.5,14750,6426.0,22230,6436.0,28040,6425.5,1430,6436.5,6590,6425.0,81010,6437.0,13430,6424.5,19900,6437.5,23330,6424.0,20000,6438.0,58510,6423.5,2580,6438.5,18510,6423.0,28460,6439.0,25550,6422.5,3970,6439.5,750,6422.0,47370,6440.0,7060,6421.5,24070,6440.5,58610,6421.0,107180,6441.0,49370,6420.5,1050,6441.5,93350,6420.0,38870,6442.0,24060,6419.5,11050,6442.5,68020,6419.0,30050,6443.0,620,6418.5,24820,6443.5,40860,6418.0,1710
4401,deribit,BTC-PERPETUAL,2020-04-01 00:00:53.058306,1585699253058306,6432.0,3630,6431.5,49890,6432.5,14660,6431.0,189880,6433.0,170,6430.5,35640,6434.0,1610,6429.5,3210,6434.5,22450,6429.0,42060,6435.0,94480,6428.5,17360,6435.5,1440,6428.0,10030,6436.0,27580,6427.5,68120,6436.5,14450,6427.0,19720,6437.0,480,6426.5,1410,6437.5,28220,6426.0,22530,6438.0,58510,6425.5,1430,6438.5,18820,6425.0,81010,6439.0,45510,6424.5,20200,6439.5,750,6424.0,20000,6440.0,7060,6423.5,5790,6440.5,43100,6423.0,28460,6441.0,47210,6422.5,3970,6441.5,93350,6422.0,53790,6442.0,24660,6421.5,20860,6442.5,87340,6421.0,104470,6443.0,20,6420.5,6050,6443.5,27450,6420.0,23230,6444.0,10370,6419.5,7590,6444.5,151300,6419.0,30050
4424,deribit,BTC-PERPETUAL,2020-04-01 00:00:54.004166,1585699254004166,6432.0,37240,6431.5,56560,6432.5,14660,6431.0,173210,6433.0,170,6430.5,45640,6434.0,1600,6429.5,3210,6434.5,22450,6429.0,42060,6435.0,94480,6428.5,17360,6435.5,1440,6428.0,10030,6436.0,27580,6427.5,68120,6436.5,14450,6427.0,19720,6437.0,480,6426.5,4410,6437.5,28220,6426.0,22530,6438.0,71920,6425.5,1430,6438.5,18820,6425.0,81010,6439.0,32100,6424.5,20200,6439.5,750,6424.0,20000,6440.0,7060,6423.5,5790,6440.5,43100,6423.0,28480,6441.0,66530,6422.5,3970,6441.5,93350,6422.0,53790,6442.0,24660,6421.5,20860,6442.5,66020,6421.0,104450,6443.0,20,6420.5,6050,6443.5,29450,6420.0,23230,6444.0,10370,6419.5,7590,6444.5,151300,6419.0,30050
4462,deribit,BTC-PERPETUAL,2020-04-01 00:00:55.000390,1585699255000390,6432.0,3640,6431.5,56810,6432.5,14660,6431.0,183210,6434.0,1600,6430.5,35630,6434.5,23890,6430.0,12860,6435.0,48210,6429.5,3210,6436.0,27580,6429.0,35630,6436.5,19590,6428.5,17360,6437.0,20,6428.0,3610,6437.5,28220,6427.5,73120,6438.0,118190,6427.0,19520,6438.5,18820,6426.5,4410,6439.0,32100,6426.0,22530,6439.5,750,6425.5,2840,6440.0,7520,6425.0,81010,6440.5,43100,6424.5,19900,6441.0,66530,6424.0,20000,6441.5,93350,6423.5,5790,6442.0,24680,6423.0,28480,6442.5,66040,6422.5,2560,6443.0,20,6422.0,7520,6443.5,29440,6421.5,20860,6444.0,10360,6421.0,104450,6444.5,151300,6420.5,6050,6445.0,59370,6420.0,23230,6445.5,5000,6419.5,7590
4492,deribit,BTC-PERPETUAL,2020-04-01 00:00:56.024034,1585699256024034,6432.0,45540,6431.5,56630,6432.5,14660,6431.0,173230,6434.0,1600,6430.5,35610,6434.5,23890,6429.5,3210,6435.0,48210,6429.0,29210,6435.5,29990,6428.5,17360,6436.0,27580,6428.0,3610,6436.5,19590,6427.5,85970,6437.0,20,6427.0,25940,6437.5,28220,6426.5,4410,6438.0,104780,6426.0,52520,6438.5,18820,6425.5,2840,6439.0,45510,6425.0,81010,6439.5,750,6424.5,19900,6440.0,7520,6424.0,20000,6440.5,43100,6423.5,5800,6441.0,47210,6423.0,28470,6441.5,93350,6422.5,2560,6442.0,44000,6422.0,7520,6442.5,66040,6421.5,23570,6443.0,20,6421.0,104450,6443.5,29440,6420.5,6050,6444.0,10360,6420.0,69500,6444.5,151300,6419.5,7590,6445.0,59370,6419.0,31050
4544,deribit,BTC-PERPETUAL,2020-04-01 00:00:57.008902,1585699257008902,6432.0,16500,6431.5,56000,6432.5,1800,6431.0,173230,6433.5,5400,6430.5,35610,6434.0,1600,6429.5,3210,6434.5,22050,6429.0,42060,6435.0,94480,6428.5,1880,6435.5,45720,6428.0,3610,6436.0,27580,6427.5,95020,6436.5,11730,6427.0,1410,6437.0,20,6426.5,22410,6437.5,21790,6426.0,52620,6438.0,77790,6425.5,2840,6438.5,1080,6425.0,81010,6439.0,43970,6424.5,23110,6439.5,750,6424.0,20000,6440.0,26030,6423.5,2600,6440.5,43100,6423.0,34880,6441.0,51070,6422.5,48830,6441.5,93350,6422.0,1100,6442.0,24680,6421.5,20860,6442.5,66040,6421.0,104450,6443.0,20,6420.5,2590,6443.5,29440,6420.0,23230,6444.0,10360,6419.5,11050,6444.5,151300,6419.0,33760
4571,deribit,BTC-PERPETUAL,2020-04-01 00:00:58.002973,1585699258002973,6432.0,16500,6431.5,70340,6432.5,1800,6431.0,173230,6433.5,400,6430.5,35600,6434.0,6600,6429.5,3210,6434.5,22050,6429.0,29210,6435.0,94480,6428.5,14730,6435.5,45720,6428.0,3610,6436.0,27580,6427.5,88600,6436.5,11730,6427.0,7830,6437.0,20,6426.5,22110,6437.5,21790,6426.0,52920,6438.0,77790,6425.5,2840,6438.5,1080,6425.0,81010,6439.0,43970,6424.5,23110,6439.5,750,6424.0,20000,6440.0,26030,6423.5,2600,6440.5,43100,6423.0,34880,6441.0,51670,6422.5,48830,6441.5,93350,6422.0,1100,6442.0,24080,6421.5,20860,6442.5,66040,6421.0,104450,6443.0,2020,6420.5,2590,6443.5,27440,6420.0,23230,6444.0,10360,6419.5,11050,6444.5,156300,6419.0,33760
4601,deribit,BTC-PERPETUAL,2020-04-01 00:00:59.020264,1585699259020264,6432.0,17500,6431.5,70340,6433.5,2200,6431.0,183230,6434.0,1600,6430.5,35600,6434.5,22050,6429.5,3210,6435.0,94480,6429.0,29210,6435.5,31430,6428.5,1880,6436.0,27580,6428.0,3610,6436.5,11730,6427.5,101450,6437.0,20,6427.0,7830,6437.5,28790,6426.5,22110,6438.0,77790,6426.0,52920,6438.5,1080,6425.5,2840,6439.0,43970,6425.0,81010,6439.5,750,6424.5,19900,6440.0,16030,6424.0,20000,6440.5,53100,6423.5,52080,6441.0,32350,6423.0,28460,6441.5,93350,6422.5,2560,6442.0,24080,6422.0,1100,6442.5,66040,6421.5,27280,6443.0,2020,6421.0,104320,6443.5,27440,6420.5,1050,6444.0,360,6420.0,23230,6444.5,166300,6419.5,12590,6445.0,59370,6419.0,33760
4642,deribit,BTC-PERPETUAL,2020-04-01 00:01:00.001424,1585699260001424,6432.0,13240,6431.5,57640,6433.0,12860,6431.0,183230,6433.5,1800,6430.5,35600,6434.0,2000,6429.5,3210,6434.5,23490,6429.0,42060,6435.0,48210,6428.5,1880,6435.5,76260,6428.0,10030,6436.0,27580,6427.5,83600,6436.5,5300,6427.0,1410,6437.0,20,6426.5,22510,6437.5,28790,6426.0,22230,6438.0,92080,6425.5,3140,6438.5,1080,6425.0,81010,6439.0,50400,6424.5,19900,6439.5,750,6424.0,20000,6440.0,16030,6423.5,52080,6440.5,53100,6423.0,31170,6441.0,51070,6422.5,2560,6441.5,93350,6422.0,1100,6442.0,24680,6421.5,27280,6442.5,66040,6421.0,104320,6443.0,20,6420.5,1050,6443.5,29440,6420.0,23230,6444.0,360,6419.5,12590,6444.5,166300,6419.0,31050
4672,deribit,BTC-PERPETUAL,2020-04-01 00:01:01.019341,1585699261019341,6432.0,9030,6431.5,59440,6433.0,12860,6431.0,183230,6433.5,1800,6430.5,33800,6434.0,6600,6430.0,12860,6434.5,23890,6429.5,3210,6435.0,3210,6429.0,80630,6435.5,76260,6428.5,17360,6436.0,27580,6428.0,3610,6436.5,50300,6427.5,41230,6437.0,14310,6427.0,1410,6437.5,28790,6426.5,4410,6438.0,66480,6426.0,22230,6438.5,1080,6425.5,2840,6439.0,61710,6425.0,81010,6439.5,750,6424.5,23110,6440.0,3520,6424.0,20020,6440.5,53100,6423.5,48850,6441.0,66580,6423.0,31170,6441.5,93350,6422.5,2560,6442.0,24680,6422.0,1100,6442.5,66040,6421.5,27280,6443.0,20,6421.0,104320,6443.5,29440,6420.5,1050,6444.0,360,6420.0,23230,6444.5,166300,6419.5,12590
4692,deribit,BTC-PERPETUAL,2020-04-01 00:01:02.029891,1585699262029891,6432.0,4640,6431.5,59460,6433.0,12860,6431.0,183210,6434.0,1600,6430.5,33800,6434.5,25690,6430.0,12860,6435.0,3210,6429.5,3210,6435.5,76260,6429.0,80630,6436.0,27580,6428.5,17360,6436.5,50300,6428.0,3610,6437.0,14310,6427.5,41230,6437.5,21790,6427.0,1410,6438.0,66480,6426.5,4410,6438.5,1080,6426.0,22230,6439.0,61710,6425.5,2840,6439.5,750,6425.0,81010,6440.0,10520,6424.5,23110,6440.5,43100,6424.0,20020,6441.0,66580,6423.5,48850,6441.5,93350,6423.0,34880,6442.0,24680,6422.5,5270,6442.5,66040,6422.0,10320,6443.0,20,6421.5,20860,6443.5,29440,6421.0,104320,6444.0,10360,6420.5,2590,6444.5,166300,6420.0,23230,6445.0,59370,6419.5,11050
4706,deribit,BTC-PERPETUAL,2020-04-01 00:01:03.200646,1585699263200646,6432.0,13640,6431.5,59460,6433.0,12860,6431.0,183210,6434.0,1600,6430.5,33800,6434.5,25690,6430.0,12860,6435.0,3210,6429.5,3210,6435.5,29990,6429.0,80630,6436.0,27580,6428.5,17360,6436.5,50300,6428.0,3610,6437.0,14310,6427.5,41230,6437.5,21790,6427.0,1410,6438.0,66020,6426.5,4600,6438.5,47350,6426.0,22530,6439.0,61710,6425.5,2840,6439.5,750,6425.0,81010,6440.0,10520,6424.5,23110,6440.5,43100,6424.0,20020,6441.0,67040,6423.5,2580,6441.5,93350,6423.0,34880,6442.0,24680,6422.5,5270,6442.5,66040,6422.0,10320,6443.0,20,6421.5,20860,6443.5,29440,6421.0,104320,6444.0,10360,6420.5,2590,6444.5,166300,6420.0,69500,6445.0,59370,6419.5,11050
4725,deribit,BTC-PERPETUAL,2020-04-01 00:01:04.002213,1585699264002213,6432.0,4750,6431.5,67660,6433.0,12860,6431.0,183210,6434.0,1710,6430.5,33800,6434.5,25690,6429.5,3320,6435.0,3330,6429.0,93600,6435.5,29990,6428.5,17360,6436.0,27580,6428.0,3610,6436.5,50440,6427.5,41230,6437.0,14310,6427.0,1410,6437.5,21790,6426.5,4740,6438.0,66020,6426.0,22230,6438.5,47510,6425.5,3140,6439.0,61710,6425.0,81170,6439.5,750,6424.5,23110,6440.0,10520,6424.0,20020,6440.5,43100,6423.5,2580,6441.0,67040,6423.0,34880,6441.5,93350,6422.5,5270,6442.0,24680,6422.0,10320,6442.5,66040,6421.5,20860,6443.0,20,6421.0,104320,6443.5,29440,6420.5,2590,6444.0,10360,6420.0,69500,6444.5,166300,6419.5,11050,6445.0,59370,6419.0,31050
4749,deribit,BTC-PERPETUAL,2020-04-01 00:01:05.051407,1585699265051407,6432.0,10340,6431.5,68480,6433.0,12860,6431.0,183210,6434.0,1710,6430.5,33800,6434.5,25690,6430.0,12860,6435.0,3330,6429.5,3320,6435.5,29990,6429.0,80630,6436.0,27580,6428.5,17480,6436.5,64730,6428.0,16090,6437.0,9320,6427.5,46230,6437.5,21790,6427.0,1410,6438.0,66020,6426.5,34730,6438.5,47510,6426.0,22230,6439.0,74590,6425.5,19580,6439.5,750,6425.0,81170,6440.0,22680,6424.5,23110,6440.5,43100,6424.0,20020,6441.0,67040,6423.5,2580,6441.5,93350,6423.0,34880,6442.0,24720,6422.5,5270,6442.5,66040,6422.0,10320,6443.0,20,6421.5,45330,6443.5,29420,6421.0,104320,6444.0,10360,6420.5,2590,6444.5,166300,6420.0,69500,6445.0,59370,6419.5,11050
4809,deribit,BTC-PERPETUAL,2020-04-01 00:01:06.233813,1585699266233813,6432.0,1140,6431.5,78480,6433.0,12860,6431.0,173210,6434.0,110,6430.5,46770,6434.5,24250,6430.0,6420,6435.0,1720,6429.5,3210,6435.5,77700,6429.0,74330,6436.0,24360,6428.5,17360,6436.5,50300,6428.0,16090,6437.0,23750,6427.5,41230,6437.5,28220,6427.0,1410,6438.0,64480,6426.5,34730,6438.5,1080,6426.0,22230,6439.0,61180,6425.5,19280,6439.5,920,6425.0,81470,6440.0,37640,6424.5,23110,6440.5,43100,6424.0,20020,6441.0,46020,6423.5,92580,6441.5,3350,6423.0,81150,6442.0,24720,6422.5,5270,6442.5,67740,6422.0,10320,6443.0,19340,6421.5,20860,6443.5,47300,6421.0,14320,6444.0,100360,6420.5,2590,6444.5,166300,6420.0,23230,6445.0,59370,6419.5,11050
4831,deribit,BTC-PERPETUAL,2020-04-01 00:01:07.147038,1585699267147038,6432.0,1140,6431.5,78450,6433.0,12860,6431.0,173210,6434.0,110,6430.5,46660,6434.5,27460,6430.0,6420,6435.0,1720,6429.5,3320,6435.5,77700,6429.0,74330,6436.0,27580,6428.5,17360,6436.5,50300,6428.0,16090,6437.0,23750,6427.5,41230,6437.5,21790,6427.0,1410,6438.0,64480,6426.5,34730,6438.5,16030,6426.0,22230,6439.0,61180,6425.5,19280,6439.5,920,6425.0,81310,6440.0,22680,6424.5,23270,6440.5,43100,6424.0,20020,6441.0,65340,6423.5,92580,6441.5,5050,6423.0,81150,6442.0,24720,6422.5,5270,6442.5,66040,6422.0,10320,6443.0,20,6421.5,20860,6443.5,47300,6421.0,14320,6444.0,100360,6420.5,2590,6444.5,166300,6420.0,24750,6445.0,59370,6419.5,11050
4850,deribit,BTC-PERPETUAL,2020-04-01 00:01:08.088939,1585699268088939,6432.0,1140,6431.5,78450,6433.0,12860,6431.0,173210,6434.0,110,6430.5,46660,6434.5,27060,6430.0,6420,6435.0,2120,6429.5,3320,6435.5,77700,6429.0,92810,6436.0,27580,6428.5,1880,6436.5,50300,6428.0,16490,6437.0,23750,6427.5,40830,6437.5,21790,6427.0,1410,6438.0,64480,6426.5,4740,6438.5,2620,6426.0,22230,6439.0,61180,6425.5,19280,6439.5,14330,6425.0,81010,6440.0,22680,6424.5,23570,6440.5,43100,6424.0,20000,6441.0,65340,6423.5,92600,6441.5,5050,6423.0,81150,6442.0,24720,6422.5,5270,6442.5,66040,6422.0,10320,6443.0,20,6421.5,20860,6443.5,47300,6421.0,14320,6444.0,100360,6420.5,2590,6444.5,166300,6420.0,24750,6445.0,59370,6419.5,11050
4881,deribit,BTC-PERPETUAL,2020-04-01 00:01:09.050098,1585699269050098,6432.0,14000,6431.5,68410,6433.5,1800,6431.0,183210,6434.0,110,6430.5,33800,6434.5,25260,6430.0,12860,6435.0,2120,6429.5,3320,6435.5,77700,6429.0,89690,6436.0,27580,6428.5,8420,6436.5,64590,6428.0,21720,6437.0,15890,6427.5,23120,6437.5,21790,6427.0,1410,6438.0,58050,6426.5,4770,6438.5,2620,6426.0,22230,6439.0,61180,6425.5,35720,6439.5,14330,6425.0,81310,6440.0,22680,6424.5,23270,6440.5,43100,6424.0,20000,6441.0,49830,6423.5,92600,6441.5,20560,6423.0,81150,6442.0,24060,6422.5,5270,6442.5,66020,6422.0,10320,6443.0,620,6421.5,20860,6443.5,47300,6421.0,14320,6444.0,100360,6420.5,2590,6444.5,166300,6420.0,24750,6445.0,59370,6419.5,11050
5003,deribit,BTC-PERPETUAL,2020-04-01 00:01:10.012342,1585699270012342,6432.0,71610,6431.5,7710,6432.5,5190,6430.5,33800,6433.0,280,6430.0,9680,6433.5,7050,6429.5,3320,6434.0,1560,6429.0,22040,6434.5,71530,6428.5,151880,6435.0,60890,6428.0,3730,6435.5,29990,6427.5,83600,6436.0,34010,6427.0,1410,6436.5,300,6426.5,22730,6437.0,12460,6426.0,22370,6437.5,22250,6425.5,19280,6438.0,75950,6425.0,93860,6438.5,16030,6424.5,23270,6439.0,43440,6424.0,26720,6439.5,2450,6423.5,21790,6440.0,38190,6423.0,34880,6440.5,43100,6422.5,5270,6441.0,49370,6422.0,56590,6441.5,93350,6421.5,20860,6442.0,24660,6421.0,104320,6442.5,71020,6420.5,2590,6443.0,2020,6420.0,24750,6443.5,45300,6419.5,6050,6444.0,10360,6419.0,31050
5120,deribit,BTC-PERPETUAL,2020-04-01 00:01:11.069402,1585699271069402,6432.0,45100,6431.5,7700,6432.5,130,6430.5,32800,6433.0,21340,6429.5,13210,6433.5,6650,6429.0,25900,6434.0,1960,6428.5,1990,6434.5,71530,6428.0,25640,6435.0,46600,6427.5,68120,6435.5,44280,6427.0,19520,6436.0,27920,6426.5,171220,6436.5,7190,6426.0,22230,6437.0,9320,6425.5,18400,6437.5,35660,6425.0,81010,6438.0,58210,6424.5,19900,6438.5,20360,6424.0,20000,6439.0,43440,6423.5,49020,6439.5,750,6423.0,28470,6440.0,22220,6422.5,8480,6440.5,43100,6422.0,10320,6441.0,64880,6421.5,66800,6441.5,95050,6421.0,104320,6442.0,40780,6420.5,7470,6442.5,66020,6420.0,24750,6443.0,2020,6419.5,11050,6443.5,27420,6419.0,31050,6444.0,15360,6418.5,26360
5178,deribit,BTC-PERPETUAL,2020-04-01 00:01:12.006544,1585699272006544,6432.0,45510,6431.5,18000,6432.5,130,6430.5,32800,6433.0,21350,6429.5,3210,6433.5,53320,6429.0,2370,6434.0,1570,6428.5,13120,6434.5,39540,6428.0,19100,6435.0,53030,6427.5,81090,6435.5,29990,6427.0,25540,6436.0,27920,6426.5,21620,6436.5,760,6426.0,172230,6437.0,12320,6425.5,17730,6437.5,35660,6425.0,81010,6438.0,64880,6424.5,19900,6438.5,20360,6424.0,23210,6439.0,23890,6423.5,20970,6439.5,750,6423.0,74750,6440.0,23920,6422.5,11690,6440.5,43100,6422.0,10320,6441.0,68230,6421.5,20860,6441.5,90000,6421.0,104320,6442.0,75640,6420.5,2590,6442.5,33160,6420.0,24750,6443.0,20,6419.5,11050,6443.5,27420,6419.0,31050,6444.0,15360,6418.5,24820
5347,deribit,BTC-PERPETUAL,2020-04-01 00:01:13.001986,1585699273001986,6429.5,4000,6429.0,2260,6430.0,73310,6428.5,17700,6431.0,6330,6428.0,38720,6431.5,8630,6427.5,198210,6432.0,29870,6427.0,19140,6432.5,190,6426.5,32080,6433.0,21640,6426.0,22230,6433.5,46670,6425.5,17590,6434.0,1450,6425.0,81010,6434.5,39540,6424.5,39300,6435.0,51580,6424.0,20000,6435.5,9760,6423.5,2580,6436.0,27780,6423.0,28620,6436.5,920,6422.5,26820,6437.0,3020,6422.0,10320,6437.5,35660,6421.5,27280,6438.0,58050,6421.0,150590,6438.5,22060,6420.5,1050,6439.0,23890,6420.0,24750,6439.5,4100,6419.5,6050,6440.0,22220,6419.0,32590,6440.5,91980,6418.5,29820,6441.0,64900,6418.0,170,6441.5,90000,6417.5,50,6442.0,26660,6417.0,19390
5759,deribit,BTC-PERPETUAL,2020-04-01 00:01:14.007787,1585699274007787,6428.5,203880,6428.0,30,6429.0,7810,6427.0,20,6429.5,54100,6426.5,30,6430.0,5940,6425.5,4620,6430.5,45000,6425.0,7600,6431.0,1000,6424.5,10,6431.5,5090,6424.0,16000,6432.0,1130,6423.5,2880,6432.5,42260,6423.0,75190,6433.0,97720,6422.5,16580,6433.5,20930,6422.0,28010,6434.0,10,6421.5,27560,6434.5,25050,6421.0,13870,6435.0,7360,6420.5,33970,6435.5,20000,6420.0,94220,6436.0,51360,6419.5,9400,6436.5,104160,6419.0,22590,6437.0,4710,6418.5,25070,6437.5,28790,6418.0,170,6438.0,41070,6417.5,56590,6438.5,180,6417.0,19510,6439.0,25890,6416.5,72670,6439.5,750,6416.0,110030,6440.0,41540,6415.5,48960,6440.5,224140,6415.0,150290
5850,deribit,BTC-PERPETUAL,2020-04-01 00:01:15.043747,1585699275043747,6428.5,245090,6428.0,30,6429.0,7970,6426.5,30,6429.5,7720,6425.0,3780,6430.0,11390,6424.5,1810,6430.5,48210,6424.0,14590,6431.0,1160,6423.5,1410,6431.5,47670,6423.0,74020,6432.0,1590,6422.5,37400,6432.5,49150,6422.0,11730,6433.0,115610,6421.5,38430,6434.0,16850,6421.0,169540,6434.5,174060,6420.5,38990,6435.0,63910,6420.0,94220,6435.5,20000,6419.5,21910,6436.0,51360,6419.0,71500,6436.5,90160,6418.5,25070,6437.0,4710,6418.0,170,6437.5,41100,6417.5,50,6438.0,41070,6417.0,21050,6438.5,160,6416.5,53430,6439.0,29900,6416.0,94270,6439.5,5750,6415.5,33190,6440.0,10060,6415.0,1480,6440.5,23700,6414.5,40140,6441.0,35370,6414.0,54870
5889,deribit,BTC-PERPETUAL,2020-04-01 00:01:16.019909,1585699276019909,6428.5,288640,6428.0,30,6429.0,7970,6426.5,30,6429.5,7720,6426.0,10,6430.0,33160,6425.0,3780,6430.5,48210,6424.5,1810,6431.0,1160,6424.0,1750,6431.5,54100,6423.5,1410,6432.0,1590,6423.0,94590,6432.5,49340,6422.5,29940,6433.0,109180,6422.0,2930,6434.0,470,6421.5,38430,6434.5,189930,6421.0,169540,6435.0,63910,6420.5,38940,6435.5,37590,6420.0,94220,6436.0,51160,6419.5,23330,6436.5,90160,6419.0,71360,6437.0,4710,6418.5,25070,6437.5,65850,6418.0,5170,6438.0,48070,6417.5,2760,6438.5,1160,6417.0,21050,6439.0,27900,6416.5,53590,6439.5,5750,6416.0,94270,6440.0,3060,6415.5,23190,6440.5,33700,6415.0,1480,6441.0,4870,6414.5,40140
6121,deribit,BTC-PERPETUAL,2020-04-01 00:01:17.003164,1585699277003164,6423.0,24760,6422.5,183390,6425.0,9580,6422.0,12710,6426.0,3830,6421.5,88310,6426.5,14650,6421.0,188470,6427.5,1580,6420.5,35730,6428.0,9840,6420.0,94520,6428.5,70220,6419.5,4680,6429.0,52670,6419.0,6630,6429.5,18810,6418.5,25070,6430.0,22770,6418.0,170,6431.0,14070,6417.5,2760,6431.5,33220,6417.0,58770,6432.0,2220,6416.5,15560,6432.5,57600,6416.0,94270,6433.0,98990,6415.5,23190,6433.5,5000,6415.0,67110,6434.0,29940,6414.5,40140,6434.5,189930,6414.0,74850,6435.0,50510,6413.5,70,6435.5,21670,6413.0,10,6436.0,51160,6412.5,20600,6436.5,90160,6412.0,32690,6437.0,13120,6411.5,103860,6437.5,43100,6411.0,10480,6438.0,41070,6410.5,30800
6204,deribit,BTC-PERPETUAL,2020-04-01 00:01:18.009899,1585699278009899,6423.0,250,6422.5,218520,6423.5,6640,6422.0,4360,6425.0,4580,6421.5,65740,6426.0,3330,6421.0,186930,6426.5,15140,6420.5,35720,6427.0,46270,6420.0,94410,6428.5,34720,6419.5,4680,6429.0,52670,6419.0,19990,6429.5,15440,6418.5,44200,6430.0,22770,6418.0,170,6430.5,30170,6417.5,3360,6431.0,1010,6417.0,39520,6431.5,39630,6416.5,61990,6432.0,14960,6416.0,94270,6432.5,51170,6415.5,23310,6433.0,91990,6415.0,2460,6434.0,29940,6414.5,40140,6434.5,193390,6414.0,74850,6435.0,50510,6413.5,70,6435.5,21670,6413.0,10,6436.0,58160,6412.5,20600,6436.5,90160,6412.0,32690,6437.0,13120,6411.5,103860,6437.5,24390,6411.0,7330,6438.0,41070,6410.5,30800
6380,deribit,BTC-PERPETUAL,2020-04-01 00:01:19.032453,1585699279032453,6426.0,11310,6425.5,84840,6426.5,19690,6425.0,10620,6428.0,1440,6424.0,1800,6428.5,36620,6423.0,23120,6429.0,97940,6422.5,54700,6429.5,15440,6422.0,19820,6430.0,22770,6421.5,65740,6430.5,30010,6421.0,20150,6431.0,2180,6420.5,35720,6431.5,33200,6420.0,94410,6432.0,14960,6419.5,4680,6432.5,50980,6419.0,20130,6433.0,91990,6418.5,54940,6434.0,13870,6418.0,46440,6434.5,46010,6417.5,50,6435.0,10,6417.0,39820,6435.5,38650,6416.5,15860,6436.0,58160,6416.0,94270,6436.5,90160,6415.5,23310,6437.0,14790,6415.0,19240,6437.5,24390,6414.5,192850,6438.0,41070,6414.0,74850,6438.5,1280,6413.5,70,6439.0,27900,6413.0,10,6439.5,750,6412.5,25600
6470,deribit,BTC-PERPETUAL,2020-04-01 00:01:20.003243,1585699280003243,6426.0,3610,6425.5,13040,6426.5,15020,6424.0,8220,6427.0,5000,6423.5,15680,6428.0,1560,6423.0,22650,6428.5,27290,6422.5,27750,6429.0,97940,6422.0,19710,6429.5,10150,6421.5,65860,6430.0,22920,6421.0,20150,6430.5,44290,6420.5,47680,6431.0,2010,6420.0,94410,6431.5,33200,6419.5,4780,6432.0,2390,6419.0,5230,6432.5,50980,6418.5,120460,6433.0,91840,6418.0,16420,6434.0,34890,6417.5,750,6434.5,41010,6417.0,39520,6435.0,5010,6416.5,60,6435.5,36360,6416.0,94270,6436.0,52840,6415.5,23310,6436.5,90160,6415.0,19240,6437.0,13120,6414.5,215490,6437.5,24390,6414.0,74850,6438.0,41070,6413.5,70,6438.5,1280,6413.0,10,6439.0,27900,6412.5,25600
6523,deribit,BTC-PERPETUAL,2020-04-01 00:01:21.008242,1585699281008242,6426.0,39610,6425.5,5660,6426.5,14650,6425.0,7420,6427.0,6640,6424.0,1800,6427.5,400,6423.5,6430,6428.0,10900,6423.0,22540,6428.5,26750,6422.5,21330,6429.0,97940,6422.0,13710,6429.5,1160,6421.5,87620,6430.0,37040,6421.0,20270,6430.5,30010,6420.5,35610,6431.0,2010,6420.0,94410,6431.5,33200,6419.5,4780,6432.0,14570,6419.0,5230,6432.5,50980,6418.5,74190,6433.0,91840,6418.0,21420,6433.5,20,6417.5,290,6434.0,36360,6417.0,85930,6434.5,25520,6416.5,16450,6435.0,5010,6416.0,94430,6435.5,36360,6415.5,23310,6436.0,52840,6415.0,19240,6436.5,90160,6414.5,192850,6437.0,15120,6414.0,74850,6437.5,22390,6413.5,70,6438.0,41070,6413.0,10
6550,deribit,BTC-PERPETUAL,2020-04-01 00:01:22.072112,1585699282072112,6426.0,56920,6425.5,8880,6426.5,1930,6424.0,1800,6427.0,6640,6423.5,6430,6427.5,400,6423.0,22540,6428.0,10920,6422.5,8470,6428.5,26750,6422.0,26550,6429.0,112210,6421.5,87620,6429.5,1160,6421.0,25270,6430.0,27770,6420.5,35610,6430.5,36420,6420.0,94410,6431.0,2010,6419.5,4780,6431.5,26770,6419.0,5230,6432.0,32290,6418.5,54940,6432.5,33260,6418.0,67690,6433.0,91840,6417.5,290,6433.5,16570,6417.0,58610,6434.0,36360,6416.5,16050,6434.5,25520,6416.0,94430,6435.0,5010,6415.5,23310,6435.5,20000,6415.0,19240,6436.0,52840,6414.5,192850,6436.5,90160,6414.0,74850,6437.0,13120,6413.5,70,6437.5,22390,6413.0,10,6438.0,41070,6412.5,20600
6571,deribit,BTC-PERPETUAL,2020-04-01 00:01:23.014057,1585699283014057,6426.0,56920,6425.5,6390,6426.5,1930,6424.0,1800,6427.0,6640,6423.5,6430,6427.5,400,6422.5,8470,6428.0,10920,6422.0,26550,6428.5,26750,6421.5,81200,6429.0,112210,6421.0,34690,6429.5,1160,6420.5,35610,6430.0,22770,6420.0,94410,6430.5,36420,6419.5,4780,6431.0,2010,6419.0,5230,6431.5,26770,6418.5,54940,6432.0,32290,6418.0,16420,6432.5,33260,6417.5,290,6433.0,91840,6417.0,58610,6433.5,16570,6416.5,46330,6434.0,36360,6416.0,94430,6434.5,25520,6415.5,23310,6435.0,6690,6415.0,37870,6435.5,20000,6414.5,192850,6436.0,51160,6414.0,74850,6436.5,92160,6413.5,70,6437.0,13120,6413.0,10,6437.5,22390,6412.5,25600,6438.0,41070,6412.0,34010
6638,deribit,BTC-PERPETUAL,2020-04-01 00:01:24.003739,1585699284003739,6426.0,68470,6425.5,8380,6426.5,1930,6424.0,5640,6427.0,29340,6423.5,6430,6427.5,400,6423.0,10000,6428.0,10920,6422.5,8470,6428.5,26750,6422.0,26550,6429.0,112210,6421.5,81200,6429.5,1160,6421.0,30780,6430.0,22770,6420.5,53300,6430.5,36420,6420.0,94410,6431.0,2010,6419.5,4780,6431.5,44490,6419.0,5230,6432.0,27960,6418.5,54940,6432.5,33260,6418.0,19420,6433.0,91840,6417.5,14590,6433.5,5020,6417.0,39360,6434.0,22960,6416.5,46330,6434.5,25520,6416.0,94270,6435.0,36690,6415.5,23470,6435.5,40500,6415.0,21090,6436.0,51160,6414.5,192850,6436.5,92160,6414.0,65630,6437.0,13120,6413.5,70,6437.5,22390,6413.0,10,6438.0,41070,6412.5,25600
6708,deribit,BTC-PERPETUAL,2020-04-01 00:01:25.058039,1585699285058039,6426.0,65500,6425.5,12580,6426.5,1930,6425.0,630,6427.0,7040,6424.0,5010,6428.0,10920,6423.5,16430,6428.5,26750,6423.0,26000,6429.0,112210,6422.5,8480,6429.5,1160,6422.0,26550,6430.0,22770,6421.5,81200,6430.5,36420,6421.0,183780,6431.0,2010,6420.5,52900,6431.5,44490,6420.0,94810,6432.0,27960,6419.5,4780,6432.5,33260,6419.0,5230,6433.0,111840,6418.5,54940,6433.5,5020,6418.0,24420,6434.0,22960,6417.5,60860,6434.5,175520,6417.0,44040,6435.0,36690,6416.5,60,6435.5,20500,6416.0,94270,6436.0,53160,6415.5,23470,6436.5,90160,6415.0,21090,6437.0,13120,6414.5,42850,6437.5,47380,6414.0,65630,6438.0,45070,6413.5,80,6438.5,1280,6413.0,10
6726,deribit,BTC-PERPETUAL,2020-04-01 00:01:26.079405,1585699286079405,6426.0,65210,6425.5,32780,6426.5,1930,6425.0,630,6427.0,7040,6424.0,5010,6428.0,1460,6423.5,6430,6428.5,36190,6423.0,26000,6429.0,112210,6422.5,8480,6429.5,1000,6422.0,26550,6430.0,22770,6421.5,81310,6430.5,36420,6421.0,183660,6431.0,2310,6420.5,52900,6431.5,44490,6420.0,94810,6432.0,27960,6419.5,4780,6432.5,33260,6419.0,5090,6433.0,111840,6418.5,67840,6433.5,5020,6418.0,24560,6434.0,39030,6417.5,46420,6434.5,175520,6417.0,44040,6435.0,36690,6416.5,60,6436.0,53160,6416.0,94270,6436.5,90160,6415.5,23470,6437.0,13120,6415.0,21090,6437.5,47380,6414.5,42850,6438.0,45070,6414.0,65630,6438.5,1280,6413.5,80,6439.0,37290,6413.0,10
6777,deribit,BTC-PERPETUAL,2020-04-01 00:01:27.028965,1585699287028965,6426.0,34810,6425.5,12590,6426.5,2300,6424.0,5010,6427.0,7040,6423.5,6420,6428.0,10660,6423.0,26000,6428.5,26890,6422.5,8470,6429.0,65940,6422.0,26550,6429.5,1000,6421.5,65850,6430.0,22930,6421.0,199120,6430.5,36420,6420.5,52900,6431.0,2140,6420.0,94810,6431.5,44490,6419.5,4780,6432.0,74230,6419.0,5090,6432.5,33260,6418.5,67840,6433.0,111840,6418.0,24420,6433.5,5020,6417.5,290,6434.0,39030,6417.0,44040,6434.5,175520,6416.5,60,6435.0,36690,6416.0,94270,6436.0,51160,6415.5,23470,6436.5,92160,6415.0,21090,6437.0,13120,6414.5,42850,6437.5,47380,6414.0,111900,6438.0,45070,6413.5,90,6438.5,1280,6413.0,10,6439.0,37290,6412.5,20600
6810,deribit,BTC-PERPETUAL,2020-04-01 00:01:28.010966,1585699288010966,6426.0,27650,6425.5,45120,6426.5,1930,6424.5,10000,6427.0,7040,6424.0,5010,6428.0,1460,6423.5,6420,6428.5,36120,6423.0,35110,6429.0,65940,6422.5,21310,6429.5,1000,6422.0,10780,6430.0,22770,6421.5,65740,6430.5,36420,6421.0,192700,6431.0,2310,6420.5,53020,6431.5,44490,6420.0,94810,6432.0,27960,6419.5,4780,6432.5,79530,6419.0,5090,6433.0,111840,6418.5,67840,6433.5,5020,6418.0,24420,6434.0,39030,6417.5,150,6434.5,175520,6417.0,44040,6435.0,36770,6416.5,60,6436.0,51160,6416.0,94270,6436.5,92160,6415.5,23470,6437.0,13120,6415.0,67360,6437.5,47380,6414.5,42850,6438.0,45070,6414.0,65630,6438.5,1280,6413.5,90,6439.0,37290,6413.0,10
6987,deribit,BTC-PERPETUAL,2020-04-01 00:01:29.069444,1585699289069444,6426.5,4730,6426.0,120770,6427.0,13250,6425.5,12390,6428.0,20,6425.0,3210,6428.5,28690,6424.0,6420,6429.0,8110,6423.5,6420,6429.5,10140,6423.0,90370,6430.0,28230,6422.5,7060,6430.5,136000,6422.0,12750,6431.0,2310,6421.5,20860,6431.5,33200,6421.0,203980,6432.0,2840,6420.5,33800,6432.5,50520,6420.0,94810,6433.0,91840,6419.5,4780,6433.5,20,6419.0,5090,6434.0,51970,6418.5,85830,6434.5,195050,6418.0,24420,6435.0,35010,6417.5,1720,6435.5,22310,6417.0,45450,6436.0,51160,6416.5,60,6436.5,93920,6416.0,94270,6437.0,13120,6415.5,23310,6437.5,22390,6415.0,21090,6438.0,45070,6414.5,42850,6438.5,1280,6414.0,65630,6439.0,23900,6413.5,90
7034,deribit,BTC-PERPETUAL,2020-04-01 00:01:30.020839,1585699290020839,6426.5,17460,6426.0,120820,6427.0,400,6425.5,10740,6428.0,140,6425.0,3210,6428.5,28690,6424.5,1600,6429.0,8110,6424.0,6420,6429.5,1140,6423.5,16340,6430.0,51650,6423.0,71000,6430.5,121720,6422.5,7060,6431.0,2010,6422.0,15490,6431.5,33200,6421.5,20740,6432.0,2840,6421.0,210520,6432.5,50520,6420.5,45880,6433.0,91840,6420.0,94810,6433.5,13420,6419.5,25220,6434.0,35900,6419.0,51360,6434.5,192050,6418.5,26360,6435.0,35010,6418.0,24420,6435.5,21540,6417.5,19690,6436.0,51160,6417.0,26620,6436.5,93920,6416.5,1230,6437.0,13120,6416.0,94270,6437.5,22390,6415.5,22140,6438.0,45070,6415.0,19920,6438.5,1280,6414.5,42850,6439.0,23900,6414.0,65630
7073,deribit,BTC-PERPETUAL,2020-04-01 00:01:31.000309,1585699291000309,6426.5,13960,6426.0,120820,6428.0,9650,6425.5,10740,6428.5,28690,6425.0,3210,6429.0,8110,6424.5,1600,6429.5,1000,6424.0,6420,6430.0,42500,6423.5,6610,6430.5,128150,6423.0,71000,6431.0,14050,6422.5,16290,6431.5,26770,6422.0,31060,6432.0,2840,6421.5,20740,6432.5,50520,6421.0,195340,6433.0,91840,6420.5,33920,6433.5,13420,6420.0,94220,6434.0,20410,6419.5,37420,6434.5,210540,6419.0,51360,6435.0,35010,6418.5,26500,6435.5,5000,6418.0,24420,6436.0,51160,6417.5,1460,6436.5,91920,6417.0,26620,6437.0,13120,6416.5,1390,6437.5,23790,6416.0,94270,6438.0,45070,6415.5,22140,6438.5,1880,6415.0,19920,6439.0,23900,6414.5,42850,6439.5,750,6414.0,65630
7111,deribit,BTC-PERPETUAL,2020-04-01 00:01:32.003200,1585699292003200,6426.5,17570,6426.0,120820,6428.0,540,6425.5,740,6428.5,33550,6425.0,3210,6429.0,8110,6424.5,1600,6429.5,24710,6424.0,6420,6430.0,28230,6423.5,6610,6430.5,128310,6423.0,71000,6431.0,2170,6422.5,16400,6431.5,26900,6422.0,30950,6432.0,16230,6421.5,20850,6432.5,50520,6421.0,195340,6433.0,105240,6420.5,33800,6433.5,20,6420.0,94220,6434.0,7010,6419.5,25220,6434.5,210540,6419.0,64280,6435.0,35010,6418.5,26360,6435.5,5000,6418.0,24420,6436.0,51160,6417.5,1460,6436.5,91920,6417.0,26620,6437.0,13120,6416.5,1390,6437.5,47520,6416.0,94270,6438.0,45070,6415.5,22140,6438.5,1880,6415.0,19920,6439.0,23900,6414.5,42850,6439.5,750,6414.0,65630
7131,deribit,BTC-PERPETUAL,2020-04-01 00:01:33.007056,1585699293007056,6426.5,13960,6426.0,120850,6428.0,540,6425.5,720,6428.5,33550,6425.0,3210,6429.0,8110,6424.5,1600,6429.5,24850,6424.0,6420,6430.0,28230,6423.5,15810,6430.5,128150,6423.0,83840,6431.0,2170,6422.5,7170,6431.5,27090,6422.0,24530,6432.0,2680,6421.5,20850,6432.5,62860,6421.0,189110,6433.0,105240,6420.5,46120,6433.5,20,6420.0,94520,6434.0,7010,6419.5,25220,6434.5,210540,6419.0,51360,6435.0,35010,6418.5,26360,6435.5,22210,6418.0,24420,6436.0,51160,6417.5,1460,6436.5,91920,6417.0,26620,6437.0,13120,6416.5,1390,6437.5,23790,6416.0,94270,6438.0,45070,6415.5,22140,6438.5,1880,6415.0,19920,6439.0,23900,6414.5,65880,6439.5,750,6414.0,65630
7160,deribit,BTC-PERPETUAL,2020-04-01 00:01:34.000340,1585699294000340,6426.5,13960,6426.0,130850,6428.0,1980,6425.5,720,6428.5,1800,6425.0,3210,6429.0,6670,6424.5,1600,6429.5,13780,6424.0,6420,6430.0,28230,6423.5,15810,6430.5,136000,6423.0,90370,6431.0,2010,6422.5,12060,6431.5,33330,6422.0,18110,6432.0,2850,6421.5,20850,6432.5,50520,6421.0,189110,6433.0,91840,6420.5,46120,6433.5,20,6420.0,94220,6434.0,21320,6419.5,4920,6434.5,223940,6419.0,51960,6435.0,35010,6418.5,46360,6435.5,22210,6418.0,24420,6436.0,51160,6417.5,1460,6436.5,91920,6417.0,26620,6437.0,13120,6416.5,1390,6437.5,23790,6416.0,94270,6438.0,45070,6415.5,22140,6438.5,1280,6415.0,19920,6439.0,23900,6414.5,65880,6439.5,750,6414.0,65630
7282,deribit,BTC-PERPETUAL,2020-04-01 00:01:35.109813,1585699295109813,6428.0,31290,6427.5,96080,6428.5,520,6427.0,1800,6429.0,8110,6426.5,10000,6429.5,1800,6426.0,7160,6430.0,22230,6425.5,720,6430.5,9630,6425.0,12480,6431.0,51480,6424.5,67700,6431.5,41050,6424.0,12950,6432.0,47040,6423.5,19260,6432.5,57110,6423.0,26000,6433.0,91840,6422.5,22520,6433.5,20,6422.0,2780,6434.0,21320,6421.5,20740,6434.5,188450,6421.0,189410,6435.0,50510,6420.5,92530,6436.0,71160,6420.0,94520,6436.5,91920,6419.5,4780,6437.0,13120,6419.0,21420,6437.5,40130,6418.5,46520,6438.0,43070,6418.0,19420,6438.5,1280,6417.5,1460,6439.0,24540,6417.0,26620,6439.5,750,6416.5,3940,6440.0,13660,6416.0,99270,6440.5,27100,6415.5,22140
7311,deribit,BTC-PERPETUAL,2020-04-01 00:01:36.080392,1585699296080392,6428.0,31290,6427.5,84650,6428.5,520,6427.0,2430,6429.0,8110,6426.5,13230,6429.5,1800,6426.0,7130,6430.0,22230,6425.5,720,6430.5,9630,6425.0,15430,6431.0,51480,6424.5,67700,6431.5,41050,6424.0,12950,6432.0,47040,6423.5,12840,6432.5,57110,6423.0,26000,6433.0,92150,6422.5,22520,6433.5,20,6422.0,2780,6434.0,14320,6421.5,38430,6434.5,188450,6421.0,171420,6435.0,50510,6420.5,92530,6436.0,87230,6420.0,94520,6436.5,98920,6419.5,7790,6437.0,13120,6419.0,40670,6437.5,21790,6418.5,46360,6438.0,43070,6418.0,170,6438.5,1280,6417.5,1630,6439.0,24540,6417.0,26620,6439.5,750,6416.5,1230,6440.0,13660,6416.0,108500,6440.5,27100,6415.5,22140
7344,deribit,BTC-PERPETUAL,2020-04-01 00:01:37.003009,1585699297003009,6428.0,31290,6427.5,37060,6428.5,520,6427.0,2430,6429.0,8110,6426.5,13230,6429.5,1800,6426.0,7130,6430.0,22230,6425.5,720,6430.5,9630,6425.0,15430,6431.0,51480,6424.5,67700,6431.5,41050,6424.0,6420,6432.0,47040,6423.5,19370,6432.5,39390,6423.0,26000,6433.0,91960,6422.5,22520,6433.5,17740,6422.0,20460,6434.0,14320,6421.5,20740,6434.5,188450,6421.0,171420,6435.0,50510,6420.5,92530,6435.5,5000,6420.0,94520,6436.0,87230,6419.5,7390,6436.5,98920,6419.0,40670,6437.0,13120,6418.5,46360,6437.5,23790,6418.0,170,6438.0,41070,6417.5,1630,6438.5,1280,6417.0,26620,6439.0,24540,6416.5,1230,6439.5,750,6416.0,108500,6440.0,13660,6415.5,22140
7366,deribit,BTC-PERPETUAL,2020-04-01 00:01:38.036019,1585699298036019,6428.0,17590,6427.5,37690,6428.5,520,6427.0,1800,6429.0,8110,6426.5,13230,6429.5,1800,6426.0,7130,6430.0,22230,6425.5,720,6430.5,9630,6425.0,6420,6431.0,51480,6424.5,67700,6431.5,41050,6424.0,15970,6432.0,47040,6423.5,19370,6432.5,39390,6423.0,26120,6433.0,91960,6422.5,22520,6433.5,17740,6422.0,20460,6434.0,14320,6421.5,20740,6434.5,175050,6421.0,183800,6435.0,35010,6420.5,33800,6435.5,33900,6420.0,140930,6436.0,87230,6419.5,7390,6436.5,98920,6419.0,24340,6437.0,13120,6418.5,46360,6437.5,23790,6418.0,170,6438.0,41070,6417.5,1630,6438.5,1280,6417.0,26620,6439.0,24540,6416.5,1240,6439.5,750,6416.0,108490,6440.0,13660,6415.5,22140
7384,deribit,BTC-PERPETUAL,2020-04-01 00:01:39.070641,1585699299070641,6428.0,17590,6427.5,55390,6428.5,120,6427.0,1800,6429.0,8510,6426.5,3230,6429.5,1800,6426.0,7130,6430.0,22230,6425.5,720,6430.5,9630,6425.0,6420,6431.0,65760,6424.5,67700,6431.5,26770,6424.0,6420,6432.0,47040,6423.5,16540,6432.5,39390,6423.0,38960,6433.0,91960,6422.5,22520,6433.5,17740,6422.0,20460,6434.0,14320,6421.5,21140,6434.5,175050,6421.0,183400,6435.0,35010,6420.5,33800,6435.5,33900,6420.0,140630,6436.0,87230,6419.5,7390,6436.5,98920,6419.0,24340,6437.0,13120,6418.5,46360,6437.5,21790,6418.0,170,6438.0,43070,6417.5,1630,6438.5,1280,6417.0,26620,6439.0,25140,6416.5,1240,6439.5,750,6416.0,108500,6440.0,13060,6415.5,22140
7637,deribit,BTC-PERPETUAL,2020-04-01 00:01:40.002935,1585699300002935,6429.5,5140,6429.0,134150,6430.5,7130,6428.5,11600,6431.0,1150,6428.0,11880,6431.5,26660,6427.5,2450,6432.0,35230,6426.5,12860,6432.5,9590,6426.0,72040,6433.0,35690,6425.5,7380,6433.5,91530,6425.0,6420,6434.0,32700,6424.5,21100,6434.5,25050,6424.0,15590,6435.0,65090,6423.5,12000,6435.5,13400,6423.0,108010,6436.0,21160,6422.5,390,6436.5,22660,6422.0,221580,6437.0,13120,6421.5,20740,6437.5,41790,6421.0,24240,6438.0,49500,6420.5,1210,6438.5,35510,6420.0,71020,6439.0,146910,6419.5,4180,6439.5,750,6419.0,41220,6440.0,13060,6418.5,151230,6440.5,212100,6418.0,170,6441.0,4570,6417.5,1460,6442.0,24060,6417.0,26620,6442.5,42520,6416.5,1240
7753,deribit,BTC-PERPETUAL,2020-04-01 00:01:41.014963,1585699301014963,6429.5,3660,6429.0,145450,6430.0,110,6428.5,2300,6430.5,7130,6428.0,7120,6431.0,10,6427.5,36280,6431.5,6940,6426.5,26060,6432.0,47090,6426.0,72330,6432.5,1440,6425.5,710,6433.0,23140,6425.0,6540,6433.5,45660,6424.5,36770,6434.0,10460,6424.0,3000,6434.5,22050,6423.5,29840,6435.0,129090,6423.0,90910,6435.5,170,6422.5,390,6436.0,21160,6422.0,248450,6436.5,160,6421.5,20900,6437.0,20720,6421.0,29970,6437.5,57290,6420.5,1050,6438.0,54480,6420.0,24880,6438.5,280,6419.5,1490,6439.0,146910,6419.0,41220,6439.5,7750,6418.5,151230,6440.0,23160,6418.0,170,6440.5,208100,6417.5,1460,6441.0,14570,6417.0,26620,6442.0,24060,6416.5,11500
7974,deribit,BTC-PERPETUAL,2020-04-01 00:01:42.010544,1585699302010544,6431.5,3640,6431.0,139520,6432.0,120,6430.5,10000,6432.5,120,6430.0,6930,6433.0,22010,6429.5,6670,6433.5,2220,6429.0,5280,6434.0,1450,6428.5,3300,6434.5,35060,6428.0,186290,6435.0,113750,6427.5,100180,6435.5,9730,6427.0,130,6436.0,28360,6426.5,12840,6436.5,15080,6426.0,20910,6437.0,18010,6425.5,18410,6437.5,37290,6425.0,13380,6438.0,14490,6424.5,38310,6438.5,17240,6424.0,23000,6439.0,120810,6423.5,46410,6439.5,47040,6423.0,90910,6440.0,5670,6422.5,17740,6440.5,23100,6422.0,2640,6441.0,34440,6421.5,22270,6441.5,90000,6421.0,121020,6442.0,24060,6420.5,1050,6442.5,7160,6420.0,24880,6443.0,100220,6419.5,10710,6443.5,23420,6419.0,21950
8162,deribit,BTC-PERPETUAL,2020-04-01 00:01:43.012098,1585699303012098,6432.0,3730,6431.5,69090,6433.0,540,6430.0,6430,6433.5,20,6429.5,6670,6434.0,280,6429.0,66520,6434.5,16720,6428.5,25740,6435.0,3210,6428.0,177110,6435.5,11030,6427.5,55280,6436.0,27900,6427.0,15500,6436.5,59450,6426.5,3340,6437.0,64470,6426.0,24700,6437.5,79020,6425.5,32130,6438.0,1080,6425.0,67600,6438.5,3880,6424.5,22810,6439.0,81320,6424.0,24530,6439.5,62550,6423.5,47800,6440.0,670,6423.0,27010,6440.5,43100,6422.5,17740,6441.0,28160,6422.0,1270,6441.5,243260,6421.5,20740,6442.0,59060,6421.0,116020,6442.5,5280,6420.5,6050,6443.0,20,6420.0,24750,6443.5,23420,6419.5,10560,6444.0,4360,6419.0,25890,6444.5,3150,6418.5,55990
8195,deribit,BTC-PERPETUAL,2020-04-01 00:01:44.027443,1585699304027443,6432.0,140,6431.5,64840,6433.0,540,6430.0,9640,6433.5,20,6429.5,6670,6434.0,9440,6429.0,66520,6434.5,20360,6428.5,32180,6435.0,3210,6428.0,173900,6435.5,400,6427.5,48840,6436.0,28060,6427.0,15500,6436.5,59450,6426.5,4880,6437.0,18200,6426.0,24700,6437.5,79020,6425.5,20070,6438.0,1080,6425.0,67600,6438.5,50150,6424.5,34770,6439.0,81020,6424.0,70800,6439.5,62850,6423.5,4240,6440.0,3060,6423.0,27010,6440.5,44850,6422.5,390,6441.0,28160,6422.0,1270,6441.5,241510,6421.5,58730,6442.0,59060,6421.0,94050,6442.5,5280,6420.5,7220,6443.0,630,6420.0,25920,6443.5,23420,6419.5,10560,6444.0,4360,6419.0,24720,6444.5,3150,6418.5,54820
8218,deribit,BTC-PERPETUAL,2020-04-01 00:01:45.018016,1585699305018016,6432.0,4750,6431.5,65840,6433.0,540,6431.0,30,6433.5,20,6430.0,9640,6434.0,9440,6429.5,6670,6434.5,20360,6429.0,66520,6435.0,3210,6428.5,32180,6436.0,28460,6428.0,173900,6436.5,59450,6427.5,48830,6437.0,18200,6427.0,15500,6437.5,125290,6426.5,4880,6438.0,1080,6426.0,24690,6438.5,3880,6425.5,50050,6439.0,81020,6425.0,67600,6439.5,62550,6424.5,34770,6440.0,3360,6424.0,70800,6440.5,44850,6423.5,4240,6441.0,28160,6423.0,27010,6441.5,241510,6422.5,19650,6442.0,59060,6422.0,1270,6442.5,3280,6421.5,39470,6443.0,2630,6421.0,94050,6443.5,23420,6420.5,7220,6444.0,4360,6420.0,25920,6444.5,3150,6419.5,10560,6445.0,47370,6419.0,24720
8238,deribit,BTC-PERPETUAL,2020-04-01 00:01:46.445372,1585699306445372,6432.0,4750,6431.5,65840,6433.0,540,6431.0,30,6433.5,1820,6430.0,9640,6434.0,9440,6429.5,7070,6434.5,18560,6429.0,66520,6435.0,3210,6428.5,31780,6436.0,28060,6428.0,189380,6436.5,59450,6427.5,48830,6437.0,870,6427.0,17730,6437.5,125290,6426.5,4880,6438.0,1080,6426.0,24690,6438.5,21620,6425.5,32350,6439.0,81020,6425.0,67600,6439.5,47040,6424.5,34780,6440.0,3060,6424.0,70800,6440.5,60360,6423.5,4240,6441.0,28160,6423.0,27010,6441.5,241510,6422.5,19650,6442.0,59060,6422.0,1270,6442.5,3280,6421.5,39470,6443.0,2630,6421.0,94050,6443.5,23420,6420.5,17490,6444.0,4360,6420.0,25920,6444.5,3150,6419.5,10560,6445.0,47370,6419.0,24720
8280,deribit,BTC-PERPETUAL,2020-04-01 00:01:47.006725,1585699307006725,6432.0,4730,6431.5,74530,6433.0,560,6431.0,30,6433.5,1820,6430.0,9640,6434.0,13140,6429.5,7090,6434.5,1910,6429.0,66520,6435.0,3210,6428.5,18910,6435.5,86740,6428.0,208650,6436.0,28220,6427.5,42410,6436.5,59450,6427.0,17730,6437.0,870,6426.5,5000,6437.5,79020,6426.0,24570,6438.0,1080,6425.5,32350,6438.5,28050,6425.0,67600,6439.0,81020,6424.5,34780,6439.5,40610,6424.0,24530,6440.0,3060,6423.5,50510,6440.5,60360,6423.0,27010,6441.0,28160,6422.5,19650,6441.5,241510,6422.0,1270,6442.0,59060,6421.5,20740,6442.5,3280,6421.0,94050,6443.0,2630,6420.5,17490,6443.5,23420,6420.0,25920,6444.0,4360,6419.5,10560,6444.5,3150,6419.0,48630
8313,deribit,BTC-PERPETUAL,2020-04-01 00:01:48.007754,1585699308007754,6432.0,13980,6431.5,22290,6432.5,4590,6431.0,30,6433.0,1100,6430.5,19080,6433.5,3260,6430.0,9640,6434.0,9490,6429.5,7090,6434.5,46740,6429.0,66520,6435.0,3210,6428.5,18910,6435.5,29990,6428.0,189380,6436.0,28220,6427.5,55260,6436.5,45160,6427.0,17730,6437.0,19310,6426.5,11420,6437.5,79020,6426.0,24570,6438.0,14490,6425.5,32350,6438.5,21620,6425.0,67600,6439.0,54870,6424.5,34780,6439.5,40610,6424.0,24530,6440.0,3060,6423.5,4240,6440.5,60360,6423.0,27010,6441.0,28160,6422.5,65920,6441.5,241510,6422.0,1270,6442.0,59060,6421.5,39710,6442.5,3280,6421.0,94050,6443.0,2020,6420.5,12490,6443.5,23420,6420.0,25920,6444.0,4970,6419.5,15560
8370,deribit,BTC-PERPETUAL,2020-04-01 00:01:49.030009,1585699309030009,6432.0,42000,6431.5,21900,6432.5,4010,6431.0,30,6433.0,730,6430.0,6430,6433.5,3260,6429.5,7090,6434.0,9490,6429.0,69730,6434.5,68690,6428.5,12490,6435.0,3210,6428.0,189380,6435.5,29990,6427.5,61680,6436.0,42350,6427.0,17730,6436.5,45550,6426.5,10150,6437.0,19320,6426.0,24690,6437.5,79020,6425.5,33890,6438.0,1080,6425.0,67600,6438.5,21620,6424.5,34640,6439.0,68280,6424.0,24530,6439.5,40610,6423.5,4380,6440.0,3060,6423.0,27010,6440.5,58610,6422.5,46660,6441.0,28160,6422.0,1270,6441.5,243260,6421.5,58970,6442.0,59060,6421.0,94050,6442.5,5280,6420.5,12490,6443.0,20,6420.0,25920,6443.5,23420,6419.5,15560,6444.0,4360,6419.0,24960
8422,deribit,BTC-PERPETUAL,2020-04-01 00:01:50.024090,1585699310024090,6432.0,42370,6431.5,3400,6432.5,3640,6430.5,6430,6433.0,540,6430.0,1800,6433.5,9930,6429.5,7090,6434.0,9500,6429.0,24510,6434.5,68690,6428.5,12490,6435.0,48210,6428.0,182960,6435.5,29990,6427.5,111680,6436.0,42350,6427.0,17950,6436.5,5550,6426.5,10150,6437.0,19320,6426.0,24690,6437.5,79020,6425.5,33890,6438.0,1080,6425.0,67600,6438.5,21620,6424.5,34640,6439.0,68280,6424.0,24530,6439.5,40610,6423.5,4380,6440.0,3060,6423.0,27010,6440.5,58610,6422.5,420,6441.0,28160,6422.0,47540,6441.5,243260,6421.5,58970,6442.0,59060,6421.0,94050,6442.5,5280,6420.5,12490,6443.0,20,6420.0,25920,6443.5,23420,6419.5,15560,6444.0,4360,6419.0,24960
8464,deribit,BTC-PERPETUAL,2020-04-01 00:01:51.142840,1585699311142840,6432.0,22310,6431.5,41700,6432.5,1800,6430.0,8230,6433.0,4550,6429.5,7090,6433.5,1480,6429.0,24510,6434.0,9500,6428.5,12490,6434.5,68690,6428.0,182960,6435.0,48210,6427.5,118100,6435.5,29990,6427.0,17950,6436.0,42190,6426.5,3730,6436.5,5550,6426.0,24690,6437.0,7130,6425.5,33890,6437.5,79020,6425.0,67600,6438.0,18820,6424.5,34640,6438.5,18190,6424.0,24530,6439.0,54840,6423.5,4380,6439.5,40960,6423.0,73280,6440.0,20170,6422.5,420,6440.5,72020,6422.0,1270,6441.0,10060,6421.5,58970,6441.5,241510,6421.0,94050,6442.0,59060,6420.5,12490,6442.5,5030,6420.0,25920,6443.0,2020,6419.5,15560,6443.5,23420,6419.0,24960,6444.0,4360,6418.5,54820
8473,deribit,BTC-PERPETUAL,2020-04-01 00:01:52.094024,1585699312094024,6432.0,22310,6431.5,41700,6432.5,1800,6430.0,8230,6433.0,4550,6429.5,7090,6433.5,1480,6429.0,24510,6434.0,9500,6428.5,12490,6434.5,68690,6428.0,182960,6435.0,48210,6427.5,118100,6435.5,29990,6427.0,17950,6436.0,42190,6426.5,3730,6436.5,5550,6426.0,24690,6437.0,7130,6425.5,33890,6437.5,79020,6425.0,67600,6438.0,18820,6424.5,34650,6438.5,18490,6424.0,24530,6439.0,54540,6423.5,4380,6439.5,40960,6423.0,27010,6440.0,20170,6422.5,420,6440.5,72020,6422.0,1270,6441.0,10060,6421.5,105240,6441.5,241510,6421.0,94050,6442.0,59060,6420.5,12490,6442.5,5030,6420.0,25920,6443.0,2020,6419.5,15560,6443.5,23420,6419.0,24960,6444.0,4360,6418.5,54820
8518,deribit,BTC-PERPETUAL,2020-04-01 00:01:53.003956,1585699313003956,6432.0,17720,6431.5,51400,6432.5,1800,6431.0,11800,6433.0,540,6430.0,6430,6433.5,1480,6429.5,7090,6434.0,150,6429.0,24510,6434.5,31650,6428.5,12490,6435.0,94480,6428.0,183070,6435.5,29990,6427.5,117990,6436.0,42190,6427.0,17950,6436.5,5550,6426.5,3730,6437.0,7130,6426.0,36780,6437.5,79020,6425.5,33890,6438.0,18820,6425.0,67610,6438.5,18190,6424.5,21280,6439.0,54540,6424.0,24530,6439.5,41260,6423.5,4240,6440.0,3390,6423.0,73280,6440.5,72020,6422.5,430,6441.0,27580,6422.0,1270,6441.5,241510,6421.5,58970,6442.0,59060,6421.0,94050,6442.5,5030,6420.5,12490,6443.0,2020,6420.0,25920,6443.5,23420,6419.5,15560,6444.0,4360,6419.0,24960
8530,deribit,BTC-PERPETUAL,2020-04-01 00:01:54.046041,1585699314046041,6432.0,17720,6431.5,51400,6433.0,540,6431.0,11800,6433.5,3280,6430.0,6430,6434.0,150,6429.5,7090,6434.5,31650,6429.0,24510,6435.0,94480,6428.5,12490,6435.5,29990,6428.0,183070,6436.0,42190,6427.5,111570,6436.5,5550,6427.0,17950,6437.0,7130,6426.5,10270,6437.5,79020,6426.0,36660,6438.0,18820,6425.5,33890,6438.5,18190,6425.0,67620,6439.0,54540,6424.5,21270,6439.5,41260,6424.0,24530,6440.0,3390,6423.5,4240,6440.5,72020,6423.0,27010,6441.0,27580,6422.5,430,6441.5,241510,6422.0,47540,6442.0,59060,6421.5,58970,6442.5,5030,6421.0,94050,6443.0,2020,6420.5,12490,6443.5,23420,6420.0,25920,6444.0,4360,6419.5,15560,6444.5,8150,6419.0,24960
8562,deribit,BTC-PERPETUAL,2020-04-01 00:01:55.289947,1585699315289947,6432.0,24920,6431.5,49110,6433.0,540,6431.0,3160,6433.5,3280,6430.5,10000,6434.0,9210,6430.0,9640,6434.5,22560,6429.5,7090,6435.0,94480,6429.0,27720,6435.5,29990,6428.5,12490,6436.0,42190,6428.0,182960,6436.5,5550,6427.5,105260,6437.0,7130,6427.0,19490,6437.5,79020,6426.5,10150,6438.0,18820,6426.0,24690,6438.5,18190,6425.5,44420,6439.0,54540,6425.0,67620,6439.5,40960,6424.5,21270,6440.0,3390,6424.0,24530,6440.5,72020,6423.5,4240,6441.0,27580,6423.0,46270,6441.5,241510,6422.5,430,6442.0,59060,6422.0,47540,6442.5,5030,6421.5,39710,6443.0,2020,6421.0,94050,6443.5,23420,6420.5,12490,6444.0,4360,6420.0,25920,6444.5,8150,6419.5,15560
8586,deribit,BTC-PERPETUAL,2020-04-01 00:01:56.034777,1585699316034777,6432.0,26820,6431.5,19810,6433.0,910,6431.0,1800,6433.5,3280,6430.5,1360,6434.0,9210,6430.0,19640,6434.5,22560,6429.5,7090,6435.0,94480,6429.0,27720,6435.5,29990,6428.5,12490,6436.0,42190,6428.0,182960,6436.5,900,6427.5,105260,6437.0,7130,6427.0,19490,6437.5,79020,6426.5,10150,6438.0,18820,6426.0,24690,6438.5,18190,6425.5,32350,6439.0,54870,6425.0,67620,6439.5,40610,6424.5,34660,6440.0,3060,6424.0,24530,6440.5,72020,6423.5,4390,6441.0,27580,6423.0,92540,6441.5,241510,6422.5,440,6442.0,59060,6422.0,1270,6442.5,5030,6421.5,39710,6443.0,2020,6421.0,94050,6443.5,23420,6420.5,12490,6444.0,4360,6420.0,25920,6444.5,8150,6419.5,15560
8675,deribit,BTC-PERPETUAL,2020-04-01 00:01:57.041869,1585699317041869,6432.0,98510,6431.5,1900,6432.5,1610,6429.5,6690,6433.0,67490,6429.0,3910,6433.5,51690,6428.5,11490,6434.0,9210,6428.0,3500,6434.5,22770,6427.5,60550,6435.0,3960,6427.0,23550,6436.0,42190,6426.5,160150,6436.5,18960,6426.0,85160,6437.0,9730,6425.5,32350,6437.5,78670,6425.0,86860,6438.0,24290,6424.5,34660,6438.5,46750,6424.0,4530,6439.0,144840,6423.5,1680,6439.5,47040,6423.0,27010,6440.0,3060,6422.5,20440,6440.5,23100,6422.0,1270,6441.0,29330,6421.5,39710,6441.5,151510,6421.0,26020,6442.0,60600,6420.5,12490,6442.5,3280,6420.0,25920,6443.0,5020,6419.5,56830,6443.5,23420,6419.0,24960,6444.0,360,6418.5,149820,6444.5,3150,6418.0,170
8705,deribit,BTC-PERPETUAL,2020-04-01 00:01:58.110756,1585699318110756,6432.0,108500,6431.5,1400,6432.5,1610,6429.5,6690,6433.0,67490,6429.0,3910,6433.5,51690,6428.5,11490,6434.0,9210,6428.0,3500,6434.5,22770,6427.5,60550,6435.0,3960,6427.0,23550,6436.0,42190,6426.5,160150,6436.5,19370,6426.0,85160,6437.0,9730,6425.5,32350,6437.5,78670,6425.0,86840,6438.0,24290,6424.5,34680,6438.5,46750,6424.0,4530,6439.0,144540,6423.5,1680,6439.5,47040,6423.0,27010,6440.0,3060,6422.5,20440,6440.5,24810,6422.0,1270,6441.0,27580,6421.5,39710,6441.5,153510,6421.0,53030,6442.0,61600,6420.5,12490,6442.5,7280,6420.0,45180,6443.0,5020,6419.5,1340,6443.5,23420,6419.0,24960,6444.0,360,6418.5,149820,6444.5,3150,6418.0,170
8728,deribit,BTC-PERPETUAL,2020-04-01 00:01:59.050384,1585699319050384,6432.0,190870,6431.5,1400,6432.5,1610,6429.5,6690,6433.0,21220,6429.0,3910,6433.5,51690,6428.5,2300,6434.0,9210,6428.0,13050,6434.5,25980,6427.5,60660,6435.0,3960,6427.0,23440,6436.0,48620,6426.5,160150,6436.5,19370,6426.0,85160,6437.0,21970,6425.5,32350,6437.5,85670,6425.0,86840,6438.0,22620,6424.5,21140,6438.5,32440,6424.0,4530,6439.0,144540,6423.5,16590,6439.5,33610,6423.0,27020,6440.0,3060,6422.5,20440,6440.5,24810,6422.0,1270,6441.0,27580,6421.5,39710,6441.5,172830,6421.0,69580,6442.0,60060,6420.5,12490,6442.5,7280,6420.0,25920,6443.0,20,6419.5,6340,6443.5,23420,6419.0,24960,6444.0,360,6418.5,144820,6444.5,8150,6418.0,170
8750,deribit,BTC-PERPETUAL,2020-04-01 00:02:00.048812,1585699320048812,6432.0,190870,6431.5,1400,6432.5,1630,6429.5,6690,6433.0,21220,6429.0,3910,6433.5,51670,6428.5,12300,6434.0,9210,6428.0,13050,6434.5,25980,6427.5,60550,6435.0,3960,6427.0,23550,6436.0,48620,6426.5,160150,6436.5,19070,6426.0,85160,6437.0,10190,6425.5,32350,6437.5,85670,6425.0,86840,6438.0,36330,6424.5,21140,6438.5,32440,6424.0,4530,6439.0,144540,6423.5,16540,6439.5,68610,6423.0,27030,6440.0,3060,6422.5,20450,6440.5,24810,6422.0,1270,6441.0,29580,6421.5,85980,6441.5,170830,6421.0,58310,6442.0,60060,6420.5,12490,6442.5,7280,6420.0,25920,6443.0,20,6419.5,6340,6443.5,24030,6419.0,24960,6444.0,360,6418.5,144820,6444.5,8150,6418.0,170
8778,deribit,BTC-PERPETUAL,2020-04-01 00:02:01.142203,1585699321142203,6432.0,187230,6431.5,1400,6432.5,1630,6429.5,6690,6433.0,21220,6429.0,5270,6433.5,51670,6428.5,12300,6434.0,9210,6428.0,13050,6434.5,25980,6427.5,37850,6435.0,3960,6427.0,6770,6435.5,5000,6426.5,10150,6436.0,48620,6426.0,85160,6436.5,19070,6425.5,199130,6437.0,9890,6425.0,86840,6437.5,85670,6424.5,21140,6438.0,36330,6424.0,4530,6438.5,32440,6423.5,16540,6439.0,144840,6423.0,27030,6439.5,68610,6422.5,20450,6440.0,3060,6422.0,47540,6440.5,24810,6421.5,39710,6441.0,29580,6421.0,58310,6441.5,170830,6420.5,12490,6442.0,60060,6420.0,25920,6442.5,7280,6419.5,6340,6443.0,20,6419.0,24960,6443.5,24030,6418.5,144820,6444.0,360,6418.0,170
8802,deribit,BTC-PERPETUAL,2020-04-01 00:02:02.026043,1585699322026043,6432.0,139660,6431.5,1400,6432.5,47900,6429.5,6690,6433.0,21090,6429.0,3910,6433.5,51670,6428.5,2300,6434.0,9210,6428.0,12050,6434.5,25980,6427.5,37850,6435.0,33950,6427.0,23550,6435.5,5000,6426.5,160150,6436.0,48620,6426.0,85160,6436.5,19070,6425.5,50050,6437.0,9890,6425.0,69140,6437.5,85670,6424.5,21140,6438.0,36330,6424.0,4530,6438.5,32440,6423.5,16540,6439.0,144540,6423.0,27030,6439.5,33910,6422.5,20450,6440.0,3060,6422.0,1270,6440.5,24810,6421.5,39710,6441.0,29580,6421.0,58310,6441.5,170830,6420.5,12490,6442.0,60060,6420.0,72190,6442.5,7890,6419.5,6340,6443.0,20,6419.0,24960,6443.5,23420,6418.5,144820,6444.0,360,6418.0,170
8832,deribit,BTC-PERPETUAL,2020-04-01 00:02:03.090549,1585699323090549,6432.0,136040,6431.5,1400,6432.5,47880,6429.5,6690,6433.0,21090,6429.0,3910,6433.5,51670,6428.5,3700,6434.0,9210,6428.0,12050,6434.5,25980,6427.5,37450,6435.0,33550,6427.0,23550,6435.5,5400,6426.5,163150,6436.0,48620,6426.0,85160,6436.5,1640,6425.5,50050,6437.0,27620,6425.0,69160,6437.5,85670,6424.5,21110,6438.0,36330,6424.0,4530,6438.5,32440,6423.5,16540,6439.0,144540,6423.0,62040,6439.5,68610,6422.5,20450,6440.0,3060,6422.0,18700,6440.5,24810,6421.5,67010,6441.0,29580,6421.0,23310,6441.5,170830,6420.5,12490,6442.0,60060,6420.0,25920,6442.5,7890,6419.5,6340,6443.0,20,6419.0,24960,6443.5,23420,6418.5,144820,6444.0,360,6418.0,170
8857,deribit,BTC-PERPETUAL,2020-04-01 00:02:04.018226,1585699324018226,6432.0,139680,6431.5,1400,6432.5,47880,6429.5,6690,6433.0,21090,6429.0,3910,6433.5,54880,6428.5,13700,6434.0,9210,6428.0,12050,6434.5,22420,6427.5,37560,6435.0,39980,6427.0,23440,6435.5,5400,6426.5,178500,6436.0,42490,6426.0,69690,6436.5,1010,6425.5,50050,6437.0,27970,6425.0,69160,6437.5,86000,6424.5,21110,6438.0,22920,6424.0,4530,6438.5,31250,6423.5,16540,6439.0,160040,6423.0,62040,6439.5,33610,6422.5,39710,6440.0,3060,6422.0,18700,6440.5,44130,6421.5,67010,6441.0,29580,6421.0,4050,6441.5,151510,6420.5,12490,6442.0,60060,6420.0,25920,6442.5,7890,6419.5,6340,6443.0,20,6419.0,24960,6443.5,58420,6418.5,144820,6444.0,360,6418.0,170
8882,deribit,BTC-PERPETUAL,2020-04-01 00:02:05.001679,1585699325001679,6432.0,139870,6431.5,1400,6432.5,47880,6429.5,6690,6433.0,21090,6429.0,3910,6433.5,51670,6428.5,3700,6434.0,9300,6428.0,12050,6434.5,25630,6427.5,37560,6435.0,39630,6427.0,23440,6435.5,5400,6426.5,178500,6436.0,42190,6426.0,69690,6436.5,1010,6425.5,50050,6437.0,28270,6425.0,81880,6437.5,86020,6424.5,56110,6438.0,22950,6424.0,4530,6438.5,31550,6423.5,1680,6439.0,160040,6423.0,27040,6439.5,33610,6422.5,39710,6440.0,3060,6422.0,18950,6440.5,42420,6421.5,67010,6441.0,29580,6421.0,4050,6441.5,153220,6420.5,12490,6442.0,60060,6420.0,25920,6442.5,7890,6419.5,6340,6443.0,20,6419.0,24960,6443.5,58420,6418.5,144820,6444.0,360,6418.0,170
8913,deribit,BTC-PERPETUAL,2020-04-01 00:02:06.330079,1585699326330079,6432.0,139680,6431.5,1410,6432.5,47880,6429.5,6690,6433.0,24300,6429.0,3910,6433.5,51670,6428.5,3700,6434.0,9300,6428.0,12050,6434.5,22420,6427.5,37560,6435.0,39630,6427.0,23440,6435.5,750,6426.5,178500,6436.0,42190,6426.0,69690,6436.5,1010,6425.5,50050,6437.0,41630,6425.0,69160,6437.5,86300,6424.5,21110,6438.0,21080,6424.0,4530,6438.5,17240,6423.5,16540,6439.0,160040,6423.0,62030,6439.5,87920,6422.5,39700,6440.0,3060,6422.0,18950,6440.5,24810,6421.5,67010,6441.0,29580,6421.0,4050,6441.5,151510,6420.5,12490,6442.0,60060,6420.0,25920,6442.5,7890,6419.5,1340,6443.0,5020,6419.0,24960,6443.5,23420,6418.5,149820,6444.0,360,6418.0,170
8917,deribit,BTC-PERPETUAL,2020-04-01 00:02:07.044053,1585699327044053,6432.0,139680,6431.5,1410,6432.5,47880,6429.5,6690,6433.0,24300,6429.0,3910,6433.5,51670,6428.5,3700,6434.0,9300,6428.0,12050,6434.5,22420,6427.5,37560,6435.0,39630,6427.0,23440,6435.5,750,6426.5,178500,6436.0,42190,6426.0,69690,6436.5,1010,6425.5,50050,6437.0,41930,6425.0,69160,6437.5,86000,6424.5,21110,6438.0,21080,6424.0,4530,6438.5,17240,6423.5,16540,6439.0,160040,6423.0,62030,6439.5,87920,6422.5,39700,6440.0,3060,6422.0,18950,6440.5,24810,6421.5,20740,6441.0,29580,6421.0,4050,6441.5,151510,6420.5,12490,6442.0,60060,6420.0,72190,6442.5,7890,6419.5,1340,6443.0,5020,6419.0,24960,6443.5,23420,6418.5,149820,6444.0,360,6418.0,170
8939,deribit,BTC-PERPETUAL,2020-04-01 00:02:08.005048,1585699328005048,6432.0,139680,6431.5,1410,6432.5,47880,6429.5,6690,6433.0,24300,6429.0,3910,6433.5,51670,6428.5,3700,6434.0,9300,6428.0,12050,6434.5,22420,6427.5,37560,6435.0,39630,6427.0,96590,6435.5,750,6426.5,163020,6436.0,42190,6426.0,85160,6436.5,1010,6425.5,50050,6437.0,41930,6425.0,3090,6437.5,27610,6424.5,21110,6438.0,21380,6424.0,4530,6438.5,91290,6423.5,16540,6439.0,160040,6423.0,62030,6439.5,87920,6422.5,39700,6440.0,3060,6422.0,1270,6440.5,28810,6421.5,20740,6441.0,27580,6421.0,4050,6441.5,153510,6420.5,12490,6442.0,60060,6420.0,72190,6442.5,3890,6419.5,23550,6443.0,5020,6419.0,131230,6443.5,23420,6418.5,149820,6444.0,360,6418.0,170
9018,deribit,BTC-PERPETUAL,2020-04-01 00:02:09.031501,1585699329031501,6432.0,29040,6431.5,2410,6432.5,490,6431.0,1950,6433.0,20920,6430.0,1800,6433.5,8110,6429.5,6690,6434.0,150,6429.0,3910,6434.5,35040,6428.5,12810,6435.0,78200,6428.0,150700,6435.5,750,6427.5,106680,6436.0,42190,6427.0,79590,6436.5,1010,6426.5,22200,6437.0,34540,6426.0,24570,6437.5,27610,6425.5,50050,6438.0,34710,6425.0,3090,6438.5,92830,6424.5,21110,6439.0,54540,6424.0,4530,6439.5,95390,6423.5,16540,6440.0,3060,6423.0,62030,6440.5,23100,6422.5,20440,6441.0,27580,6422.0,19380,6441.5,243510,6421.5,40000,6442.0,46090,6421.0,94050,6442.5,3890,6420.5,12490,6443.0,20,6420.0,25920,6443.5,23420,6419.5,28550,6444.0,5360,6419.0,110030
9124,deribit,BTC-PERPETUAL,2020-04-01 00:02:10.051771,1585699330051771,6432.0,1260,6431.5,128010,6432.5,12860,6431.0,10000,6433.0,540,6430.0,6430,6433.5,1820,6429.5,16690,6434.0,10,6429.0,69110,6434.5,25770,6428.5,16150,6435.0,33200,6428.0,169390,6435.5,11500,6427.5,42420,6436.0,42190,6427.0,6440,6436.5,46060,6426.5,30740,6437.0,7380,6426.0,37060,6437.5,26710,6425.5,67350,6438.0,19170,6425.0,3210,6438.5,5370,6424.5,21110,6439.0,67650,6424.0,21190,6439.5,100210,6423.5,1530,6440.0,23470,6423.0,27030,6440.5,38610,6422.5,20440,6441.0,10060,6422.0,3980,6441.5,241510,6421.5,40000,6442.0,27060,6421.0,94050,6442.5,3280,6420.5,17490,6443.0,21050,6420.0,72190,6443.5,24030,6419.5,23550,6444.0,360,6419.0,1050
9176,deribit,BTC-PERPETUAL,2020-04-01 00:02:11.057422,1585699331057422,6432.0,1130,6431.5,73320,6432.5,12880,6431.0,10000,6433.0,540,6430.0,6430,6433.5,20,6429.5,19900,6434.0,130,6429.0,69110,6434.5,29010,6428.5,16150,6435.0,33200,6428.0,248850,6435.5,5000,6427.5,77300,6436.0,51540,6427.0,170,6436.5,92220,6426.5,24320,6437.0,6900,6426.0,38740,6437.5,27010,6425.5,32350,6438.0,19170,6425.0,1530,6438.5,5240,6424.5,21110,6439.0,55190,6424.0,4530,6439.5,66430,6423.5,1700,6440.0,65000,6423.0,73300,6440.5,38610,6422.5,39700,6441.0,23470,6422.0,3820,6441.5,257590,6421.5,43030,6442.0,46380,6421.0,94050,6442.5,3280,6420.5,17490,6443.0,1730,6420.0,25920,6443.5,24030,6419.5,123870,6444.0,35360,6419.0,1050
9198,deribit,BTC-PERPETUAL,2020-04-01 00:02:12.018421,1585699332018421,6432.0,4740,6431.5,58920,6432.5,12880,6431.0,10000,6433.0,540,6430.0,6430,6433.5,20,6429.5,19900,6434.0,130,6429.0,69000,6434.5,29010,6428.5,3410,6435.0,33200,6428.0,248850,6435.5,14000,6427.5,90150,6436.0,42330,6427.0,170,6436.5,92220,6426.5,24320,6437.0,6900,6426.0,38600,6437.5,26710,6425.5,2360,6438.0,19170,6425.0,1680,6438.5,5540,6424.5,23820,6439.0,54890,6424.0,4530,6439.5,66730,6423.5,19920,6440.0,65000,6423.0,73300,6440.5,38610,6422.5,39700,6441.0,23470,6422.0,1110,6441.5,257590,6421.5,20740,6442.0,79380,6421.0,94050,6442.5,3280,6420.5,17490,6443.0,3730,6420.0,25920,6443.5,24030,6419.5,123870,6444.0,360,6419.0,1050
9240,deribit,BTC-PERPETUAL,2020-04-01 00:02:13.001965,1585699333001965,6432.0,17270,6431.5,58920,6432.5,12880,6430.5,10000,6433.0,540,6430.0,6430,6433.5,1820,6429.5,10300,6434.0,9180,6429.0,72000,6434.5,24000,6428.5,12830,6435.0,33200,6428.0,242310,6435.5,5000,6427.5,61570,6436.0,45400,6427.0,280,6436.5,92220,6426.5,59420,6437.0,7070,6426.0,26130,6437.5,26710,6425.5,2360,6438.0,19470,6425.0,1530,6438.5,3530,6424.5,23820,6439.0,54890,6424.0,4530,6439.5,67970,6423.5,39190,6440.0,81300,6423.0,89810,6440.5,38610,6422.5,20440,6441.0,23470,6422.0,1280,6441.5,241510,6421.5,20740,6442.0,60060,6421.0,94050,6442.5,22600,6420.5,12490,6443.0,3730,6420.0,25920,6443.5,29030,6419.5,123870,6444.0,360,6419.0,6050
9282,deribit,BTC-PERPETUAL,2020-04-01 00:02:14.069863,1585699334069863,6432.0,17630,6431.5,58930,6433.0,560,6431.0,13210,6433.5,1820,6430.0,6430,6434.0,260,6429.5,22650,6434.5,23860,6429.0,72000,6435.0,33200,6428.5,16260,6435.5,14800,6428.0,242310,6436.0,31110,6427.5,42300,6436.5,98650,6427.0,280,6437.0,7060,6426.5,71400,6437.5,20280,6426.0,26130,6438.0,19470,6425.5,2360,6438.5,3530,6425.0,21670,6439.0,54890,6424.5,43090,6439.5,47970,6424.0,4530,6440.0,65000,6423.5,19920,6440.5,38610,6423.0,73290,6441.0,60250,6422.5,440,6441.5,241510,6422.0,1110,6442.0,60060,6421.5,20740,6442.5,22600,6421.0,94050,6443.0,3730,6420.5,12490,6443.5,29030,6420.0,25920,6444.0,360,6419.5,123870,6444.5,3150,6419.0,6050
9310,deribit,BTC-PERPETUAL,2020-04-01 00:02:15.048971,1585699335048971,6432.0,17630,6431.5,66130,6433.0,560,6431.0,10000,6433.5,1820,6430.0,9640,6434.0,260,6429.5,22650,6434.5,23860,6429.0,72110,6435.0,33200,6428.5,16150,6435.5,29090,6428.0,242310,6436.0,31110,6427.5,42300,6436.5,98650,6427.0,280,6437.0,470,6426.5,71420,6437.5,20440,6426.0,26110,6438.0,25600,6425.5,2360,6438.5,3530,6425.0,21670,6439.0,55190,6424.5,21110,6439.5,47970,6424.0,4530,6440.0,58000,6423.5,19920,6440.5,38610,6423.0,92550,6441.0,50250,6422.5,440,6441.5,241510,6422.0,1110,6442.0,60060,6421.5,20740,6442.5,10280,6421.0,96760,6443.0,3730,6420.5,12490,6443.5,43360,6420.0,30920,6444.0,360,6419.5,123870,6444.5,8150,6419.0,1050
9351,deribit,BTC-PERPETUAL,2020-04-01 00:02:16.029856,1585699336029856,6432.0,5000,6431.5,27680,6432.5,12860,6430.5,10000,6433.0,560,6430.0,9640,6433.5,1820,6429.5,13510,6434.0,9250,6429.0,72000,6434.5,23860,6428.5,12640,6435.0,33200,6428.0,235890,6435.5,5000,6427.5,55150,6436.0,45400,6427.0,280,6436.5,92220,6426.5,30740,6437.0,470,6426.0,26110,6437.5,39300,6425.5,2480,6438.0,25600,6425.0,21530,6438.5,3530,6424.5,21250,6439.0,55190,6424.0,7240,6439.5,47970,6423.5,19750,6440.0,58000,6423.0,92540,6440.5,38610,6422.5,440,6441.0,33470,6422.0,1280,6441.5,241510,6421.5,74670,6442.0,60060,6421.0,94050,6442.5,10280,6420.5,12490,6443.0,3730,6420.0,30920,6443.5,43360,6419.5,123870,6444.0,360,6419.0,1050
9577,deribit,BTC-PERPETUAL,2020-04-01 00:02:17.007962,1585699337007962,6430.5,138290,6430.0,3910,6431.0,120,6429.5,6440,6431.5,13630,6429.0,700,6432.0,20690,6428.5,700,6433.0,22390,6428.0,16580,6433.5,45020,6427.5,15350,6434.0,11240,6427.0,170,6434.5,22580,6426.5,11430,6435.0,145360,6426.0,71110,6436.0,24440,6425.5,2230,6436.5,7380,6425.0,26010,6437.0,470,6424.5,21110,6437.5,50450,6424.0,4530,6438.0,7860,6423.5,170940,6438.5,180,6423.0,111990,6439.0,164890,6422.5,20440,6439.5,28840,6422.0,4490,6440.0,3060,6421.5,42380,6440.5,38610,6421.0,4180,6441.0,60,6420.5,58920,6441.5,3220,6420.0,60920,6442.0,60060,6419.5,23550,6442.5,34600,6419.0,1050,6443.0,152020,6418.5,154040,6443.5,117740,6418.0,170
9791,deribit,BTC-PERPETUAL,2020-04-01 00:02:18.001238,1585699338001238,6429.5,95730,6429.0,700,6430.0,1000,6428.5,700,6430.5,49330,6428.0,700,6431.0,9940,6427.5,700,6431.5,26770,6427.0,20,6432.0,15430,6426.5,390,6433.0,22790,6426.0,6370,6433.5,9660,6425.5,4430,6434.0,11240,6425.0,14620,6434.5,40150,6424.5,21110,6435.0,91580,6424.0,42090,6435.5,350,6423.5,151530,6436.0,21230,6423.0,174690,6436.5,36150,6422.5,35460,6437.0,214980,6422.0,4440,6437.5,34250,6421.5,39670,6438.0,1080,6421.0,4180,6438.5,1890,6420.5,2220,6439.0,144540,6420.0,46060,6439.5,40770,6419.5,1340,6440.0,10060,6419.0,3760,6440.5,44420,6418.5,124040,6441.0,60,6418.0,46600,6442.0,25970,6417.5,27930,6442.5,3280,6417.0,19360
9851,deribit,BTC-PERPETUAL,2020-04-01 00:02:19.075406,1585699339075406,6429.5,56550,6429.0,720,6430.0,22360,6428.5,700,6430.5,49210,6428.0,700,6431.5,26910,6427.5,700,6432.0,15430,6427.0,20,6432.5,10190,6426.5,1750,6433.0,22660,6426.0,16370,6433.5,9660,6425.5,17280,6434.0,2290,6425.0,24880,6434.5,43150,6424.5,36580,6435.0,104320,6424.0,9530,6435.5,46620,6423.5,151650,6436.0,21230,6423.0,174690,6436.5,20650,6422.5,35760,6437.0,184210,6422.0,4320,6437.5,28820,6421.5,20740,6438.0,1080,6421.0,4320,6438.5,18800,6420.5,17890,6439.0,144540,6420.0,45920,6439.5,770,6419.5,1340,6440.0,3060,6419.0,3760,6440.5,46120,6418.5,114820,6441.0,5060,6418.0,46600,6441.5,10000,6417.5,27930,6442.0,25970,6417.0,19360
9881,deribit,BTC-PERPETUAL,2020-04-01 00:02:20.069877,1585699340069877,6429.5,56550,6429.0,720,6430.0,22360,6428.5,700,6430.5,52420,6428.0,700,6431.5,26910,6427.5,700,6432.0,15430,6427.0,20,6432.5,10190,6426.5,1750,6433.0,29090,6426.0,16370,6433.5,6450,6425.5,4430,6434.0,2290,6425.0,18310,6434.5,56760,6424.5,36580,6435.0,85150,6424.0,22370,6435.5,350,6423.5,158070,6436.0,21230,6423.0,174690,6436.5,20650,6422.5,35450,6437.0,170810,6422.0,4620,6437.5,27280,6421.5,20740,6438.0,60760,6421.0,4320,6438.5,18800,6420.5,18200,6439.0,144540,6420.0,45920,6439.5,20080,6419.5,1340,6440.0,5670,6419.0,3760,6440.5,28800,6418.5,114820,6441.0,5060,6418.0,46600,6441.5,10000,6417.5,27930,6442.0,25360,6417.0,19360
